2716 3964
430 275 539 338 172,
1330 289 1534 332 NOTEs.

501 432 567 479 22
607 432 719 481 11111
747 433 1018 481 Africani:
1056 431 1354 494 According
1383 437 1438 481 to
1465 433 1640 490 Quint.
1664 436 1716 483 X
1737 435 1896 495 1,118
1927 433 2108 484 Julius
2139 433 2425 485 Africanus

431 530 538 563 was
565 518 693 563 next
717 518 773 563 to
799 513 1062 562 Domitius
1090 514 1223 562 Afer
1256 514 1347 562 the
1384 519 1521 564 most
1549 514 1941 578 distinguished
1965 521 2140 565 orator
2163 517 2336 567 whom
2359 517 2426 567 he

431 598 537 646 had
573 597 799 645 known:
839 612 1017 645 eorum
1055 612 1183 659 quos
1222 596 1446 649 viderim
1484 598 1546 647 D.
1576 598 1638 646 A.
1668 604 1721 646 et
1747 598 1925 647 Julius
1952 598 2235 648 Africanus
2271 599 2427 664 longe

430 679 875 745 praestantissimi
903 717 912 727 .
944 717 954 728 .
985 717 995 727 .
1023 679 1110 728 hic
1136 679 1457 741 concitatior,
1481 681 1574 729 sed
1610 680 1666 728 in
1700 697 1823 730 cura
1848 682 2123 730 verborum
2152 682 2346 732 nimius
2373 688 2428 733 et

431 764 808 828 compositione
848 779 1241 826 nonnumquam
1279 763 1484 826 longior
1515 770 1569 812 'et
1597 765 2032 814 translationibus
2059 783 2243 829 parum
2267 767 2428 816 modi-

432 864 537 897 cus.
616 848 695 897 Cf.
731 847 841 895 also
869 847 984 894 XII
1013 847 1093 908 10,
1123 847 1186 894 11
1222 847 1362 895 vires
1388 847 1647 910 Africani,
1674 849 2033 898 maturitatem
2073 849 2209 899 Afri.
2270 851 2356 900 He
2381 851 2428 900 is

431 931 586 994 again
611 930 915 978 mentioned
943 929 1215 992 alongside
1242 930 1300 978 of
1323 931 1455 979 Afer
1481 931 1537 979 in
1563 948 1603 980 c.
1627 933 1707 980 15.
1784 933 1869 981 Ηο
1895 949 2001 982 was
2028 950 2059 982 a
2083 939 2429 999 countryman

431 1015 488 1063 of
511 1015 594 1063 his
615 1014 944 1078 biographer,
968 1014 1086 1075 and,
1111 1030 1173 1062 on
1203 1031 1300 1075 one
1321 1015 1574 1077 occasion,
1593 1016 1756 1079 spoke
1776 1016 1833 1064 in
1852 1016 2035 1065 behalf
2058 1017 2116 1065 of
2139 1017 2223 1066 his
2249 1017 2427 1067 native

431 1103 566 1146 state
596 1098 872 1166 (probably
908 1098 1000 1146 the
1042 1098 1277 1159 Santoni,
1306 1114 1363 1146 as
1398 1115 1618 1162 appears
1654 1099 1791 1147 from
1819 1101 1936 1148 Tac.
1966 1099 2103 1148 Ann.
2131 1101 2209 1150 VI
2236 1103 2282 1162 7,
2310 1101 2428 1150 who

431 1197 567 1245 says,
586 1180 846 1243 referring
871 1185 927 1229 to
954 1181 1037 1229 his
1066 1181 1256 1243 father,
1285 1182 1538 1230 executed
1562 1183 1730 1230 under
1747 1182 1987 1230 Tiberius
2008 1184 2074 1232 32
2091 1199 2140 1231 A.
2157 1200 2225 1245 D.,
2247 1183 2428 1233 Julius

431 1264 717 1313 Africanus
772 1280 798 1312 e
851 1264 1096 1313 Santonis
1144 1265 1349 1314 Gallica
1393 1264 1649 1330 civitate).
1727 1266 1821 1314 See
1866 1266 2041 1323 Quint.
2084 1266 2226 1315 VIII
2268 1267 2316 1328 5,
2363 1267 2429 1316 15

431 1347 712 1410 insigniter
747 1347 1032 1396 Africanus
1074 1348 1215 1411 apud
1250 1348 1515 1396 Neronem
1555 1349 1617 1397 de
1655 1353 1822 1397 morte
1860 1349 2043 1397 matris
2070 1367 2080 1397 :
2107 1348 2324 1412 ‘rogant
2358 1354 2428 1412 te,

432 1431 638 1491 Caesar,
675 1431 879 1480 Galliae
921 1435 1059 1491 tuae,
1092 1435 1153 1478 ut
1191 1431 1503 1480 felicitatem
1534 1436 1679 1480 tuam
1706 1431 1917 1480 fortiter
1942 1431 2112 1480 feras’
2164 1432 2302 1482 Plin.
2330 1433 2427 1497 Ep.

431 1514 541 1563 VII
567 1515 613 1575 6,
643 1514 708 1562 11
735 1514 771 1562 f.
803 1514 1066 1562 mentions
1106 1530 1136 1562 a
1170 1515 1432 1576 grandson
1472 1515 1528 1562 of
1569 1515 1659 1563 the
1700 1520 1874 1563 orator
1912 1515 2031 1563 who
2068 1531 2175 1564 was
2215 1515 2326 1564 also
2363 1531 2431 1564 an

431 1598 699 1658 advocate,
730 1597 835 1645 and
872 1597 1103 1660 opposed
1144 1601 1200 1645 to
1244 1597 1355 1644 him
1399 1597 1455 1645 in
1493 1614 1523 1646 a
1560 1598 1760 1646 certain
1800 1597 1938 1646 trial.
1960 1599 2429 1662 ——componendoz

434 1681 515 1730 On
539 1680 648 1728 this
677 1680 1052 1728 instrumental
1078 1680 1178 1729 abl.
1207 1680 1265 1728 of
1300 1681 1390 1728 the
1430 1681 1630 1744 gei-und
1655 1681 1721 1728 cf.
1750 1687 1873 1729 note
1900 1697 1940 1730 c.
1971 1682 2034 1729 11
2051 1689 2106 1729 -6,
2124 1682 2432 1732 ——homini-

431 1765 544 1824 bus,
579 1763 590 1782 ³
609 1763 851 1811 readers.7
909 1762 920 1782 ³
938 1764 1094 1826 Spem
1120 1763 1294 1811 facere
1322 1763 1480 1811 alicui
1506 1763 1744 1811 alicuius'
1772 1764 1884 1812 also
1910 1763 1966 1811 in
1994 1764 2107 1812 Liv.
2126 1765 2430 1814 XXXVIII

433 1848 480 1908 1,
509 1849 554 1895 3.

503 1931 569 1979 23
610 1932 941 1981 scholasticis
973 1931 1370 1981 controversiis:
1413 1931 1490 1979 Cf.
1527 1931 1642 1979 Sen.
1675 1931 1850 1980 Contr.
1891 1932 1919 1978 I
1957 1931 2122 1995 praef.
2164 1932 2229 1979 12
2267 1931 2435 1980 declae

428 2015 609 2062 'mabat
636 2018 811 2062 autem
839 2014 1035 2074 Cicero,
1058 2030 1163 2061 non
1184 2013 1365 2076 quales
1386 2030 1524 2062 nunc
1544 2014 1927 2062 controversias
1949 2014 2185 2075 dicimus,
2207 2030 2273 2063 ne
2297 2014 2432 2063 tales

435 2098 662 2160 quidem,
704 2097 884 2160 quales
924 2101 1045 2144 ante
1086 2097 1389 2146 Ciceronem
1427 2096 1749 2157 dicebantur,
1778 2113 1906 2160 quas
1944 2097 2121 2146 theses
2158 2098 2432 2160 vocabant,

434 2181 531 2229 hoc
569 2181 709 2228 enim
749 2196 911 2243 genus
951 2179 1201 2228 materiae
1246 2196 1348 2243 quo
1386 2195 1480 2227 nos
1519 2195 1820 2227 exercemur
1858 2181 1986 2228 adeo
2024 2197 2216 2228 novum
2251 2185 2346 2241 est,
2372 2185 2433 2229 ut

342 2296 344 2298 >
435 2280 625 2311 nomen
664 2280 870 2327 quoque
899 2263 1010 2311 eius
1038 2279 1232 2310 novum
1271 2262 1355 2311 sit.
1432 2263 1814 2311 controversias
1849 2279 1943 2311 nos
1982 2263 2220 2325 dicimus,
2253 2263 2434 2314 Cicero

435 2363 616 2395 causas
658 2347 891 2395 vocabat.
955 2346 1052 2395 hoc
1082 2362 1206 2394 vero
1245 2346 1469 2394 alterum
1507 2361 1695 2393 nomen
1725 2346 1978 2394 Graecum
2005 2347 2232 2409 quidem,
2261 2347 2354 2395 sed
2378 2346 2435 2394 in

437 2430 687 2478 Latinum
725 2429 801 2478 ita
837 2430 1153 2477 translatum
1190 2434 1251 2477 ut
1288 2446 1382 2493 pro
1409 2428 1599 2476 Latino
1627 2428 1712 2489 sit,
1741 2428 2054 2477 scholastica
2079 2429 2436 2478 controversia

436 2514 602 2561 multo
641 2513 904 2561 recentius
944 2517 1023 2560 est
1085 2512 1262 2569 Quint.
1292 2513 1370 2561 IV
1395 2512 1443 2573 2,
1472 2512 1551 2560 92.
1581 2513 1646 2560 97
1680 2511 2007 2560 scholasticis
2046 2511 2431 2561 controversiis.

438 2597 527 2659 Cp.
558 2601 681 2644 note
707 2612 747 2644 c.
778 2597 843 2644 35
873 2604 924 2642 15
950 2595 1124 2643 which
1161 2610 1381 2658 passage
1420 2595 1530 2642 also
1569 2594 1808 2656 explains
1842 2594 1933 2642 the
1967 2594 2218 2643 omission
2243 2595 2301 2643 of
2324 2611 2437 2644 sua-

439 2679 606 2727 soriae
635 2679 772 2727 here.

507 2764 574 2810 24
614 2764 811 2812 otium·
841 2794 849 2803 -
878 2794 886 2802 -
916 2772 1242 2812 consumere:
1283 2762 1362 2811 On
1403 2762 1492 2810 the
1526 2761 1768 2823 thought,
1820 2762 1885 2809 cf.
1923 2761 2060 2810 Plin.
2095 2763 2189 2825 Ep.
2222 2763 2282 2810 II
2318 2764 2366 2824 3,
2402 2763 2434 2811 5

442 2848 526 2915 (de
563 2847 712 2893 Isaeo
753 2845 1001 2909 quodam)
1031 2845 1245 2892 Annum
1284 2844 1665 2906 sexagesimum
1696 2843 1921 2892 excessit
1959 2848 2010 2892 et
2045 2845 2213 2894 adhuc
2241 2845 2438 2894 schola-

439 2930 600 2978 sticus
621 2933 829 2976 tantum
850 2933 960 2990 est,
1002 2944 1104 2991 quo
1132 2943 1319 2990 genere
1346 2927 1615 2975 hominum
1640 2926 1777 2973 nihil
1802 2931 1893 2974 aut
1920 2927 2174 2976 sincerius
2201 2933 2292 2976 aut
2318 2927 2437 2976 sim-

438 3011 628 3076 plicius
669 3016 758 3059 aut
796 3011 999 3058 melius.
1046 3026 1139 3058 nos
1174 3010 1314 3058 enim
1341 3009 1431 3073 qui
1470 3008 1526 3057 in
1563 3009 1677 3057 foro
1714 3009 1956 3072 verisque
1994 3009 2178 3059 litibus
2216 3011 2437 3059 terimur

440 3095 666 3142 multum
704 3093 938 3141 malitiae
978 3093 1218 3156 quamvis
1258 3092 1502 3153 nolimus,
1530 3091 1863 3140 addiscimus.
1942 3093 2129 3141 Schola
2157 3098 2209 3141 et
2240 3094 2439 3142 audito-

440 3178 577 3225 rium
605 3181 657 3225 et
683 3176 805 3224 ficta
831 3193 987 3224 causa
1012 3192 1094 3224 res
1116 3175 1349 3236 inermis,
1373 3174 1588 3223 innoxia
1613 3180 1708 3234 est,
1730 3191 1825 3223 nec
1851 3175 2024 3223 minus
2052 3176 2200 3237 felix,
2223 3176 2435 3224 senibus

440 3260 765 3325 praesertim.
785 3291 856 3295 —
872 3259 1124 3307 Messalla
1144 3259 1283 3322 fully
1299 3258 1595 3320 recognises
1615 3258 1707 3305 the
1728 3258 1978 3321 approval
2001 3259 2232 3327 (probari
2259 3258 2432 3324 video)

441 3343 615 3392 which
642 3343 784 3405 Aper
811 3359 867 3390 as
894 3342 984 3390 the
1010 3346 1127 3389 true
1155 3346 1420 3405 exponent
1446 3341 1503 3389 of
1538 3341 1627 3388 the
1664 3340 1945 3388 rhetorical
1977 3342 2232 3404 practices
2259 3341 2318 3390 of
2351 3341 2434 3390 his

442 3428 543 3491 day
582 3427 676 3474 has
716 3425 985 3487 received3
1027 3425 1091 3472 lie
1134 3429 1340 3484 cannot,
1379 3424 1636 3484 however,
1677 3423 1833 3471 resist
1869 3424 1960 3471 the
1999 3425 2315 3488 temptation
2345 3424 2433 3493 (cf.

442 3527 482 3558 c.
512 3511 576 3558 32
617 3514 719 3557 ext.
750 3508 889 3571 quod
929 3507 1060 3554 mihi
1098 3507 1154 3554 in
1194 3507 1571 3556 consuetudine
1612 3512 1708 3567 est,
1736 3506 1864 3554 satis
1902 3507 2095 3555 multos
2133 3507 2350 3572 offendi)
2380 3506 2438 3556 of

443 3592 751 3655 expressing
788 3591 878 3638 the
914 3590 1134 3653 popular
1160 3590 1364 3637 verdict
1389 3590 1445 3636 111
1471 3589 1599 3637 311011
1625 3604 1656 3636 a
1680 3605 1793 3652 way
1823 3590 2097 3657 (nondum)
2127 3606 2181 3638 as
2208 3597 2262 3637 to
2287 3590 2436 3638 leave

2700 579 2716 588 ε.
2700 440 2716 571 manen
2695 398 2716 424 Ε.
2692 331 2716 390 ’ω’-ὲ
2699 292 2716 319 :z
