2716 3964
461 255 571 307 334
1348 270 1553 310 Norns.

528 415 595 462 20
634 415 691 463 111
721 416 860 465 foro:
915 414 995 464 On
1019 414 1111 462 the
1137 414 1343 477 ellipsis
1370 414 1428 462 of
1453 413 1465 434 ³
1482 414 1607 476 sed,'
1634 430 1719 463 see
1745 420 1868 463 note
1894 431 1935 464 c.
1964 417 1995 464 6
2023 423 2088 464 19.

528 498 593 545 21
635 498 942 562 ingentibus
971 498 1146 547 verbis
1176 501 1560 561 persequantur
1593 497 1604 517 ³
1622 497 1887 560 hai-angue
1915 498 2047 546 with
2083 497 2292 563 mighty
2316 499 2456 548 bom-

457 579 609 628 bast.'

625 665 691 704 As
715 664 974 715 ‘prosequi'
1000 663 1089 704 and
1115 664 1365 714 ‘persequi'
1400 675 1475 704 are
1504 659 1763 726 'repeatedly
1789 665 2004 704 confused
2035 665 2082 704 in
2112 676 2194 705 our
2222 665 2347 707 MSS.
2376 665 2449 719 (cf.

571 733 790 782 SchmaIZ,
815 732 966 773 Antib.
999 733 1044 772 ΙΙ
1074 733 1190 787 376),
1229 733 1355 773 there
1389 744 1532 773 seems
1565 729 1624 773 no
1660 745 1818 773 reason
1854 734 1926 773 for
1959 734 2196 786 departing
2228 734 2346 775 from
2379 735 2456 776 the

570 802 768 842 classical
798 813 948 854 usage,
975 813 1086 842 even
1117 803 1287 853 though
1313 802 1547 853 ‘prosequi
1577 802 1793 852 oratione,
1817 803 1989 842 verbis’
2018 803 2055 842 is
2083 802 2339 854 frequently
2364 808 2458 844 met

569 871 678 911 with
699 871 746 910 in
766 872 1131 922 post-Augustan
1153 871 1337 912 Writers.

528 968 594 1015 22
635 983 752 1017 011111
793 969 860 1017 ad
898 982 1047 1018 veros
1088 968 1288 1017 iudices
1329 971 1572 1019 ventum:
1627 968 1738 1016 The
1778 973 2023 1017 sentence
2063 985 2185 1033 may
2221 955 2287 1018 be
2324 985 2457 1018 com-

457 1052 638 1115 pleted
661 1051 733 1115 by
759 1051 1049 1115 supplying
1075 1067 1216 1099 some
1243 1051 1433 1114 phrase
1459 1051 1568 1099 like
1595 1050 1607 1071 ³
1623 1051 1753 1115 they
1777 1051 1987 1099 become
2019 1051 2192 1113 silent,
2221 1068 2279 1100 or
2303 1052 2455 1101 make

456 1151 489 1183 a
525 1134 711 1182 fiasco'
745 1133 776 1182 i.
802 1150 843 1182 0.
874 1134 1012 1182 from
1048 1134 1169 1182 lack
1206 1134 1265 1182 of
1301 1134 1476 1182 actual
1513 1133 1836 1197 experience.
1913 1134 1993 1184 Cf.
2024 1134 2140 1183 Sen.
2170 1135 2345 1185 Contr.
2374 1135 2457 1184 IX

457 1217 621 1281 praef.
654 1218 685 1266 5
729 1217 908 1280 itaque
953 1217 1100 1265 velut
1143 1217 1390 1265 umbroso
1429 1221 1481 1265 et
1519 1214 1737 1265 obscuro
1781 1218 2098 1281 prodeuntes
2135 1217 2249 1266 loco
2285 1217 2456 1267 clarae

455 1300 590 1348 lucis
630 1300 807 1362 fulgor
834 1300 1079 1348 obcaecat
1106 1299 1180 1348 sic
1207 1300 1338 1348 istos
1366 1315 1393 1348 e
1420 1300 1614 1348 scholis
1642 1299 1698 1347 in
1724 1300 1898 1348 forum
1922 1304 2255 1349 transeuntes
2282 1300 2458 1351 omnia

455 1388 728 1447 tamquam
753 1399 891 1431 nova
915 1387 968 1431 et
994 1383 1272 1431 invisitata
1301 1383 1615 1447 perturbant
1640 1399 1735 1431 nec
1761 1387 1883 1431 ante
1909 1382 1967 1430 111
1992 1388 2251 1432 oratorem
2284 1399 2460 1433 conro-

456 1467 708 1515 borantur
735 1483 892 1529 quam
913 1504 923 1514 .
948 1504 957 1514 .
983 1504 993 1514 .
1018 1466 1275 1530 puerilem
1302 1466 1536 1514 animum
1563 1465 1891 1514 scholasticis
1919 1466 2123 1514 deliciis
2149 1466 2458 1529 languidum

456 1566 580 1598 vero
610 1550 788 1598 labore
818 1551 1088 1598 durarunt.
1165 1550 1375 1597 Petron.
1399 1550 1429 1597 1
1456 1565 1594 1598 nunc
1620 1553 1673 1597 et
1699 1565 1873 1596 rerum
1898 1553 2102 1597 tumore
2129 1553 2182 1598 et
2208 1549 2460 1599 sententi-

456 1649 606 1681 arum
643 1633 933 1681 vanissimo
974 1632 1204 1696 strepitu
1240 1633 1338 1681 hoc
1375 1636 1583 1680 tantum
1620 1632 1917 1695 proficiunt,
1944 1636 2019 1692 ut,
2048 1649 2162 1680 cum
2195 1633 2252 1680 in
2276 1635 2460 1697 forum

457 1717 700 1778 venerint,
737 1724 926 1780 putent
968 1733 1019 1764 se
1061 1716 1117 1763 in
1160 1717 1326 1763 alium
1375 1723 1628 1764 terrarum
1671 1717 1832 1763 orbem
1875 1717 2065 1764 delatos
2107 1720 2160 1764 et
2202 1715 2320 1764 ideo
2363 1731 2459 1779 ego

456 1799 881 1848 adulescentulos
924 1799 1171 1847 existimo
1210 1798 1555 1847 stultissimos
1596 1798 1711 1846 fieri
1753 1798 1877 1861 quia
1913 1798 2050 1846 nihil
2089 1815 2154 1847 ex
2193 1799 2285 1860 eis,
2325 1815 2457 1863 quae

441 1883 514 1930 »in
546 1900 643 1931 usu
676 1882 928 1931 habemus
967 1887 1059 1930 aut
1097 1882 1320 1930 audiunt
1358 1886 1448 1930 aut
1474 1882 1657 1930 vident
1707 1881 1882 1938 Quint.
1913 1882 1972 1929 Π
2000 1882 2080 1943 10,
2104 1884 2135 1931 9
2172 1882 2310 1930 nihil
2335 1898 2457 1946 ergo

456 1967 597 2014 inter
633 1967 843 2014 forense
883 1981 1045 2028 genus
1085 1965 1295 2014 dicendi
1321 1969 1478 2028 atque
1505 1965 1601 2013 hoc
1627 1965 2057 2013 declamatorium
2083 1964 2327 2014 intererit
2347 1967 2373 2014 ?
2410 1965 2458 2014 si

456 2051 727 2114 profectus
767 2049 938 2112 gratia
974 2049 1213 2110 dicimus,
1241 2048 1379 2096 nihil
1406 2087 1415 2097 .
1446 2086 1456 2096 .
1486 2087 1496 2096 .
1527 2064 1659 2111 quae
1697 2064 1808 2109 nos,
1838 2048 2128 2111 quamlibet
2153 2065 2247 2112 per
2271 2048 2377 2098 alia
2400 2048 2458 2097 in

456 2133 650 2181 scholis
689 2132 966 2181 exercitati
1004 2132 1185 2193 simus,
1223 2131 1423 2180 tirones
1462 2131 1519 2179 in
1556 2131 1671 2179 foro
1710 2131 2003 2180 inveniunt.
2079 2133 2181 2180 For
2218 2136 2457 2181 concrete

456 2216 827 2277 illustrations,
857 2232 934 2279 cp.
964 2216 1055 2263 the
1082 2215 1344 2263 incidents
1371 2214 1573 2262 related
1597 2214 1667 2278 by
1695 2214 1811 2262 Sen.
1841 2215 2017 2263 Contr.
2039 2215 2150 2264 VII
2175 2214 2340 2278 praef.
2364 2217 2396 2265 7
2414 2214 2454 2264 f.

455 2300 514 2347 of
538 2299 810 2360 Albucius,
833 2299 951 2346 who
978 2299 1116 2346 after
1142 2314 1209 2346 an
1233 2297 1600 2346 unsuccessful
1626 2301 1910 2345 encounter
1929 2297 2062 2345 With
2087 2298 2144 2345 L.
2169 2296 2455 2346 Arruntius

456 2383 760 2431 remarked:
810 2382 938 2445 quid
974 2381 1141 2429 habeo
1179 2396 1338 2444 quare
1377 2379 1434 2427 in
1471 2379 1586 2428 foro
1625 2379 1811 2440 dicam,
1841 2396 1958 2428 cum
1994 2380 2172 2444 plures
2203 2396 2285 2429 1110
2314 2380 2456 2429 (101111

455 2466 674 2514 audiant
713 2481 870 2528 quam
909 2480 1226 2527 quemquam
1264 2463 1320 2510 in
1358 2463 1516 2511 foro?
1567 2479 1684 2511 cum
1721 2463 1840 2510 volo
1879 2463 2011 2524 dico,
2051 2463 2168 2511 dico
2206 2462 2456 2527 quamdiu

454 2549 589 2608 volo,
619 2564 794 2596 assum
820 2547 928 2596 utri
955 2548 1073 2595 volo
1103 2548 1208 2595 and
1234 2547 1317 2594 IX
1344 2546 1508 2609 praef.
1538 2547 1568 2594 3
1608 2546 1891 2594 Latronem
1918 2546 2177 2607 Porcium,
2206 2546 2457 2596 declama?

454 2632 621 2680 toriae
655 2631 873 2679 virtutis
911 2630 1125 2678 unicum
1165 2629 1466 2692 exemplum
1503 2643 1620 2677 cum
1653 2644 1748 2692 pro
1774 2645 1861 2676 reo
1888 2667 1897 2677 .
1929 2667 1938 2677 .
1970 2667 1980 2676 .
2009 2629 2230 2678 Rustico
2267 2629 2454 2678 Porcio

455 2714 751 2778 propinquo
797 2713 879 2761 sui
923 2714 1138 2774 diceret,
1176 2728 1343 2775 usque
1389 2727 1449 2760 eo
1493 2727 1606 2759 esse
1650 2711 1941 2772 confusum,
1979 2716 2040 2759 ut
2077 2727 2108 2760 a
2147 2711 2455 2761 soloecismo

455 2798 728 2860 inciperet,
758 2813 852 2845 nec
891 2801 1012 2845 ante
1051 2796 1288 2859 potuisse
1327 2794 1624 2843 confirmari
1661 2798 1861 2842 tectum
1889 2811 1947 2843 ac
1974 2795 2231 2858 parietem
2257 2795 2458 2844 deside-

455 2885 660 2928 rantem
688 2896 845 2943 quam
872 2878 1196 2942 impetravit,
1224 2883 1284 2926 ut
1314 2877 1568 2926 iudicium
1595 2893 1657 2924 ex
1685 2878 1800 2925 foro
1827 2877 1883 2924 in
1907 2877 2182 2926 basilicam
2205 2877 2457 2926 transfer-

454 2961 598 3004 retur
633 2962 728 3005 etc.
805 2959 916 3005 The
943 2974 1084 3006 same
1111 2959 1363 3006 anecdote
1389 2958 1434 3006 is
1461 2958 1572 3006 also
1598 2958 1811 3007 alluded
1835 2963 1890 3007 to
1915 2959 1986 3023 by
2011 2959 2187 3016 Quint.
2216 2960 2269 3008 X
2294 2959 2343 3020 5,
2365 2959 2445 3007 18.

452 3040 680 3088 —nihil
721 3041 940 3101 humile,
980 3042 1121 3090 nihil
1163 3042 1452 3091 abiectum:
1517 3041 1644 3089 This
1690 3041 2002 3090 collocation
2042 3042 2086 3089 is
2129 3041 2275 3106 quite
2318 3057 2451 3090 com-

453 3138 589 3181 mon,
620 3137 661 3168 e.
687 3137 731 3182 g.
763 3120 867 3169 Cic.
897 3121 959 3168 de
987 3120 1072 3168 fin.
1098 3121 1145 3169 V
1170 3121 1252 3181 20,
1281 3121 1346 3169 57
1385 3121 1524 3168 nillil
1560 3121 1819 3181 abiectum,
1847 3123 1987 3170 nihil
2015 3124 2209 3172 humile
2233 3125 2455 3187 coqitant

455 3204 596 3252 Orat.
628 3204 709 3263 57,
740 3203 838 3251 192
878 3203 1132 3250 humilem
1171 3207 1223 3250 et
1262 3202 1520 3250 abiectam
1557 3202 1846 3250 orationem
1911 3205 2027 3252 Sen.
2058 3206 2120 3253 de
2148 3205 2227 3254 ira
2252 3207 2342 3254 III
2367 3207 2450 3268 32,

453 3288 484 3334 3
529 3286 709 3333 videre
755 3302 911 3348 quain
955 3285 1179 3333 humilia
1222 3289 1275 3333 et
1318 3285 1520 3333 abiecta
1563 3284 1670 3332 sint
1737 3286 1911 3342 Quint.
1941 3287 2020 3336 IV
2046 3288 2187 3348 1,14
2223 3288 2450 3338 humiles

455 3369 792 3431 abiectosque
856 3369 941 3416 Ps.
983 3367 1159 3423 Quint.
1201 3367 1346 3415 Decl.
1377 3368 1457 3427 15,
1496 3368 1527 3415 2
1580 3368 1815 3416 Lactant.
1857 3369 1988 3417 Inst.
2029 3371 2076 3419 V
2114 3371 2195 3438 15,
2234 3371 2280 3420 8.
2355 3371 2447 3436 Cp.

454 3451 786 3510 Thielmann,
827 3450 1019 3497 Archiv
1057 3451 1135 3498 IV
1172 3451 1271 3498 552
1300 3450 1352 3498 ff.
1443 3450 1509 3498 So
1553 3449 1812 3514 similarly
1855 3467 1896 3499 0.
1936 3452 1966 3500 8
1996 3461 2044 3499 11
2090 3453 2352 3502 sordidius
2396 3458 2450 3503 et

453 3534 724 3593 abiectius,
770 3533 944 3580 where
991 3548 1075 3579 see
1122 3533 1446 3582 note—On
1487 3533 1578 3580 the
1621 3533 1902 3596 anaphora,
1943 3535 2009 3582 cf.
2050 3551 2090 3583 0.
2131 3536 2196 3582 22
2225 3542 2276 3582 14
2312 3535 2449 3584 nihil

454 3631 748 3678 excerpere,
776 3615 911 3662 nihil
939 3615 1136 3662 referre
1166 3615 1333 3676 possis
1362 3616 1464 3662 and
1492 3615 1596 3663 Cic.
1625 3615 1657 3663 1.
1687 3632 1727 3664 0.
