2716 3964
1225 295 1272 338 C.
1306 296 1374 337 23.
2180 283 2287 334 249

304 431 312 435 ”
365 443 399 490 4
436 443 593 506 plura.
623 443 777 492 omisi
813 457 855 490 e.
885 458 930 504 g.
958 441 1015 488 in
1039 441 1186 491 Verr.
1215 442 1275 489 II
1301 443 1348 502 4,
1375 443 1442 490 43
1469 449 1571 490 ext.
1600 457 1886 504 numquam
1911 445 2021 488 tam
2047 442 2180 488 male
2209 446 2288 489 est

297 524 488 573 Siculis
515 524 646 588 quin
684 524 888 588 aliquid
930 524 1100 572 facete
1142 529 1194 572 et
1234 525 1500 573 commode
1542 524 1755 572 dicant:
1806 524 1953 572 velut
1995 523 2052 571 in
2091 523 2187 572 hac
2231 540 2286 572 re

294 607 506 656 aiebant
530 607 587 654 in
611 608 815 655 labores
843 607 1093 655 Herculis
1121 623 1226 654 non
1251 607 1425 655 minus
1452 607 1590 655 hunc
1617 606 2057 654 immanissimum
2083 623 2287 654 verrem

296 706 453 754 quam
490 690 642 738 illum
682 706 866 752 aprum
905 690 1315 753 Erymanthium
1355 690 1544 738 referri
1585 696 1828 753 oportere
1861 691 1909 750 4,
1936 690 2017 750 24,
2047 691 2112 738 53
2152 692 2290 753 quod

293 789 543 836 umquam
584 811 594 821 .
625 811 635 821 .
666 811 676 821 .
709 773 926 821 huiusce
964 772 1106 820 modi
1146 773 1494 821 everriculum
1522 811 1531 820 .
1562 811 1571 820 .
1603 811 1611 820 .
1642 773 1748 820 fuit
1776 811 1785 820 .
1816 811 1825 820 .
1857 811 1866 820 .
1898 772 2027 836 quid
2066 772 2288 821 facimus

295 857 350 904 in
391 857 553 905 Verre
598 872 752 919 quem
801 855 858 903 in
905 855 1018 904 luto
1061 856 1358 903 volutatum
1409 894 1419 903 .
1449 893 1500 904 ..
1546 856 1860 905 invenimus.
1953 857 2158 918 Fragm.
2206 872 2286 919 ap.

295 938 471 996 Quint.
499 939 578 988 VI
619 940 666 1000 3,
694 939 760 987 55
797 943 857 986 ut
887 938 1063 987 omnia
1098 943 1331 986 verreret
1371 940 1560 988 Verres
1634 939 1773 986 Plut.
1805 939 1908 988 Cic.
1950 941 1981 987 7
2007 940 2059 987 τί
2078 938 2286 1004 Ἰουδαίῳ

294 1024 413 1086 πρὸς
436 1029 599 1087 χοῖρον
634 1021 665 1069 i.
695 1037 736 1069 e.
767 1021 896 1084 quid
920 1022 1147 1069 Iudaeus
1175 1037 1292 1069 cum
1317 1037 1480 1069 verre.
1557 1022 1610 1069 It
1636 1037 1757 1085 may
1782 1022 1845 1070 be
1873 1021 2147 1069 remarked
2172 1022 2290 1070 that

295 1106 440 1167 Aper
466 1104 636 1167 might
670 1104 803 1152 have
830 1104 998 1152 found
1030 1120 1189 1168 many
1215 1104 1454 1167 apposite
1482 1104 1834 1152 illustrations
1862 1104 1919 1152 of
1944 1104 2289 1153 ‘scurrilitas’

296 1186 353 1234 in
377 1203 512 1235 none
539 1187 690 1235 other
714 1187 847 1235 than
873 1187 1084 1236 Cassius
1114 1187 1335 1235 Severus
1363 1187 1594 1235 himself.
1673 1188 1762 1250 Cp.
1783 1188 1982 1235 Robert
2006 1187 2040 1235 l.
2064 1204 2103 1236 c.
2133 1205 2182 1251 p.
2205 1190 2287 1236 44.

294 1271 491 1320 —sola
521 1271 786 1319 mirantur
815 1274 974 1334 atque
1014 1271 1346 1333 exprimunt:
1400 1270 1478 1319 Cf.
1529 1270 1707 1327 Quint.
1750 1271 1803 1318 X
1846 1271 1894 1331 2,
1940 1271 2005 1319 18
2043 1287 2290 1319 noveram

297 1354 550 1416 quosdam
576 1353 668 1417 qui
701 1369 755 1401 se
781 1353 998 1416 pulchre
1037 1353 1358 1416 expressisse
1386 1369 1547 1415 genus
1586 1353 1721 1401 illud
1758 1353 1999 1401 caelestis
2038 1353 2194 1402 huius
2234 1354 2290 1402 in

297 1435 517 1484 dicendo
536 1436 640 1483 viri
666 1435 768 1484 sibi
783 1435 1105 1496 viderentur,
1126 1435 1171 1483 si
1198 1436 1254 1483 in
1274 1436 1509 1484 clausula
1534 1435 1863 1498 posuissent:
1892 1452 2004 1484 esse
2030 1436 2286 1486 videatur.

298 1519 380 1569 On
411 1520 502 1567 the
529 1519 671 1568 force
698 1519 755 1567 of
791 1527 957 1582 atque,
991 1518 1143 1583 ‘they
1168 1519 1448 1583 faithfully
1474 1535 1607 1583 copy
1631 1519 1780 1567 these
1806 1519 1986 1582 things
2025 1520 2081 1567 in
2117 1536 2290 1569 conse-

297 1618 494 1665 quence
520 1603 577 1650 of
600 1602 740 1650 their
765 1602 1084 1651 admiration
1109 1602 1193 1650 for
1217 1603 1397 1664 them,'
1427 1618 1512 1650 see
1538 1606 1659 1650 note
1687 1619 1726 1651 c.
1755 1604 1788 1650 4
1819 1610 1858 1650 3.

366 1685 398 1734 5
436 1700 600 1749 genus
631 1686 930 1736 hominum:
983 1687 1049 1732 In
1079 1686 1170 1733 the
1211 1686 1402 1733 second
1441 1689 1560 1748 part
1594 1685 1652 1733 of
1688 1686 1778 1733 the
1817 1685 2037 1747 Annals,
2076 1687 2287 1736 Tacitus

295 1783 414 1816 uses
442 1784 604 1831 genus
631 1768 932 1816 mortalium
963 1773 1026 1837 (e.
1050 1785 1094 1831 g.
1123 1769 1269 1816 XIII
1295 1769 1361 1816 50
1399 1769 1532 1816 XIV
1556 1769 1623 1821 27
1649 1769 1780 1817 XVI
1808 1768 1915 1832 13),
1943 1785 1988 1831 g.
2017 1769 2288 1818 hominum

297 1866 476 1899 occurs
503 1852 571 1899 H.
602 1851 630 1898 I
654 1852 720 1899 22
747 1852 790 1901 V
821 1853 852 1899 3
879 1852 982 1899 and
1007 1851 1146 1899 Ann.
1175 1852 1255 1899 IV
1272 1852 1359 1900 30.

375 1932 702 1995 significasse
751 1936 1058 1982 contentus:
1137 1934 1219 1983 On
1263 1942 1518 1981 contentus
1560 1934 1690 1981 with
1733 1933 2012 1996 infinitive‚
2056 1936 2122 1984 cf.
2164 1941 2287 1984 note

296 2031 336 2064 c.
383 2016 448 2064 18
494 2017 842 2080 13.—utique
871 2021 1152 2066 versantur
1181 2021 1305 2066 ante
1335 2017 1538 2066 oculos:
1591 2017 1700 2064 The
1751 2032 1892 2065 same
1941 2018 2131 2080 phrase
2181 2035 2286 2067 was

294 2099 425 2146 used
448 2098 518 2162 by
544 2098 687 2161 Aper
713 2114 753 2147 c.
783 2099 848 2147 16
876 2106 941 2146 19.
1538 2144 1540 2146 ,
1996 2090 2000 2095 1

372 2181 402 2228 7
453 2180 720 2228 Lucilium
761 2194 854 2243 pro
891 2182 1114 2231 Horatio
1147 2186 1198 2232 et
1229 2183 1532 2232 Lucretium
1554 2197 1646 2245 pro
1676 2183 1944 2246 Vergilio:
1997 2184 2080 2233 Cf.
2109 2184 2284 2241 Quint.

294 2263 347 2311 X
372 2263 419 2323 1,
447 2264 512 2312 93
539 2263 576 2311 f.
652 2263 888 2312 Lucilius
915 2265 1168 2327 quosdam
1195 2264 1271 2313 ita
1297 2265 1503 2313 deditos
1531 2264 1631 2313 sibi
1652 2265 1820 2314 adhuc
1846 2265 2004 2314 habet
2029 2272 2286 2316 amatores

292 2349 354 2392 ut
393 2361 511 2393 eum
553 2362 659 2394 non
698 2346 933 2395 eiusdem
975 2348 1128 2395 modo
1173 2347 1344 2410 operis
1390 2347 1687 2396 auctoribus
1733 2351 1794 2416 (e.
1821 2365 1865 2410 g.
1913 2349 2142 2414 Horace)
2196 2351 2287 2399 sed

294 2428 534 2476 omnibus
561 2429 730 2492 poetis
751 2430 1018 2493 praeferre
1044 2446 1150 2478 non
1175 2430 1432 2478 dubitent.
1508 2431 1557 2478 A
1576 2430 1879 2494 preference
1901 2431 1984 2479 for
2010 2433 2286 2482 Lucretius

294 2526 418 2559 over
443 2511 616 2575 Virgil
641 2512 686 2560 is
714 2512 828 2561 still
848 2513 1038 2562 shared
1061 2513 1131 2577 by
1157 2529 1315 2577 many
1342 2514 1556 2561 modern
1583 2514 1832 2564 scholars.
1908 2515 1987 2564 Cf.
2017 2515 2128 2564 also
2154 2517 2282 2565 Hor.

294 2593 390 2656 Ep.
419 2594 478 2641 II
506 2595 552 2656 1,
581 2596 646 2643 64
672 2595 726 2644 ff.
804 2596 919 2644 Sen.
959 2597 1055 2659 Ep.
1086 2597 1202 2658 114,
1243 2597 1308 2646 13
1346 2596 1503 2645 multi
1541 2613 1605 2645 ex
1644 2597 1815 2645 alieno
1854 2598 2061 2646 saeculo
2098 2604 2287 2662 petunt

293 2677 468 2738 verba,
487 2678 760 2727 duodecim
776 2679 982 2728 tabulas
999 2679 1302 2742 loquuntur,
1328 2679 1591 2728 Gracchus
1614 2679 1723 2728 illis
1746 2685 1798 2728 et
1820 2681 2036 2729 Crassus
2058 2687 2111 2730 et
2130 2683 2286 2731 Curio

294 2758 452 2808 nimis
478 2760 608 2808 culti
634 2765 687 2809 et
711 2766 947 2810 recentes
975 2767 1100 2810 sunt
1125 2781 1134 2810 :
1173 2763 1240 2811 ad
1267 2762 1500 2826 Appium
1526 2778 1690 2825 usque
1718 2767 1771 2811 et
1797 2764 1863 2812 ad
1902 2765 2285 2815 Coruncanium

292 2842 512 2891 redeunt
561 2843 629 2892 id.
652 2860 731 2907 ap.
758 2844 891 2893 Gell.
913 2845 1028 2893 XII
1053 2846 1084 2892 2
1112 2845 1341 2893 admiror
1362 2845 1821 2908 eloquentissimos
1842 2847 1983 2895 viros
2005 2852 2058 2896 et
2078 2848 2284 2897 deditos

292 2925 466 2974 Ennio
502 2943 596 2990 pro
634 2927 847 2990 optimis
887 2927 1110 2976 ridicula
1146 2928 1386 2976 laudasse
1415 2966 1424 2975 .
1454 2966 1464 2976 .
1494 2965 1504 2976 .
1534 2928 1747 2991 quidam
1785 2934 1923 2991 sunt,
1957 2930 2146 2993 inquit,
2174 2935 2284 2979 tam

291 3008 468 3070 magni
506 3024 687 3057 sensus
715 3010 772 3067 Q.
801 3010 962 3058 Ennii
998 3015 1058 3058 ut
1094 3010 1219 3059 licet
1257 3010 1442 3073 scripti
1480 3009 1588 3058 sint
1625 3009 1765 3059 inter
1800 3011 2049 3073 hircosos,
2078 3013 2283 3076 possint

290 3092 468 3139 tamen
507 3090 646 3140 inter
680 3098 1033 3155 unguentatos
1072 3093 1276 3157 placere
1343 3094 1487 3140 Pers.
1526 3091 1556 3140 I
1590 3093 1655 3142 76
1692 3091 1748 3142 ff.
1777 3098 1858 3142 est
1899 3111 2036 3143 nunc
2076 3096 2281 3144 Brisaei

292 3188 445 3235 quem
492 3189 715 3223 venosus
765 3175 898 3224 liber
947 3176 1066 3224 Atti
1100 3175 1104 3245 Ι
1139 3181 1261 3224 sunt
1310 3189 1439 3239 quos
1487 3173 1854 3240 Pacuviusque
1903 3182 1956 3225 et
2005 3194 2281 3226 verrucosa

292 3260 523 3304 moretur
555 3256 560 3325 Ι
593 3257 827 3321 Antiopa
875 3259 1136 3307 aerumnis
1179 3275 1266 3307 cor
1305 3257 1642 3307 luctificabile
1686 3258 1826 3308 fulta
1895 3261 2051 3308 Mart.
2091 3261 2173 3308 XI
2213 3261 2278 3308 90

291 3338 522 3387 carmina
562 3340 710 3389 nulla
758 3342 943 3404 probas
993 3342 1141 3390 molli
1186 3357 1316 3405 quae
1365 3341 1535 3390 limite
1577 3346 1794 3390 currunt
1827 3342 1832 3411 Ι
1866 3343 1958 3390 sed
2006 3359 2136 3406 quae
2185 3359 2278 3406 per

292 3420 521 3470 salebras
562 3423 771 3487 altaque
816 3440 943 3474 saxa
982 3426 1175 3474 cadunt
1209 3423 1215 3493 Ι
1249 3429 1301 3472 et
1350 3423 1450 3472 tibi
1502 3424 1743 3472 Maeonio
1794 3441 1998 3488 quoque
2049 3425 2276 3473 carmine

290 3502 456 3551 maius
494 3504 716 3554 habetur
749 3505 754 3575 Ι
787 3508 1013 3556 Luceilei
1048 3508 1325 3566 columella,
1355 3507 1462 3554 heic
1499 3506 1617 3554 situ'
1644 3508 2015 3569 Metrophanes,
2051 3507 2056 3575 Ι
2090 3507 2277 3554 attoni-

290 3587 479 3648 tusque
504 3585 636 3650 legis
664 3592 824 3637 terra‘i
847 3589 1141 3653 fruqzjf‘era'z‘
1181 3587 1447 3657 (Ennius),
1483 3586 1489 3658 Ι
1523 3587 1713 3637 Accius
1746 3593 1798 3637 et
1824 3589 2081 3651 quidquid
2117 3589 2275 3637 Pacu-
