2716 3964
455 213 566 266 384

1215 228 1691 271 BIBLIOGRAPHY.

929 388 1006 438 11.
1021 412 1078 418 -
1094 387 1619 448 PROLEGOMENA,
1662 388 2004 439 EXEGESIS.

455 510 748 564 *Andresen,
775 509 831 554 G.
885 511 1078 554 Tacitus’
1102 511 1323 568 Dialoyus
1347 512 1413 554 als

553 587 861 640 Schullectu're,
909 586 1133 630 Zeitschr.
1168 586 1202 629 f.
1241 586 1412 644 Gymn.

550 663 698 706 XXV
722 663 1350 707 305-328.—Introduction
1375 671 1415 707 to
1500 651 1519 690 ‚'

549 740 614 782 his
638 739 801 782 edition
823 753 898 796 pp.
926 739 998 782 11.

455 815 675 868 *Becker,
718 815 776 859 U.
859 815 1104 859 Seebode’s
1144 815 1323 860 Archiv
1362 815 1415 859 ΙΙ

549 892 606 936 71
624 891 674 935 ff.
691 915 746 931 =
761 891 909 936 Orelli
924 892 941 919 1
962 906 1007 948 p.
1027 893 1195 936 95-98.
1220 892 1321 950 (On
1333 892 1414 935 the

550 969 720 1012 lacuna
743 968 794 1011 in
817 983 854 1012 c.
880 968 980 1031 40.)

488 1044 778 1102 Bernhardy,
798 1044 852 1089 G.
901 1045 1029 1087 Ro‘m.
1048 1045 1230 1088 Literat.
1252 1044 1370 1089 1872
1383 1043 1412 1087 ⁵.

550 1136 594 1178 p.
621 1122 724 1164 859.
752 1135 796 1178 p.
823 1122 1052 1164 862-865.

489 1197 641 1250 Birth‚
682 1197 858 1241 Theod.
938 1198 1016 1239 Zu
1058 1198 1263 1240 Seneca’s
1308 1197 1417 1240 Tra-

551 1275 749 1332 goediem
797 1273 966 1316 Rhein.
1011 1273 1136 1317 Mus.
1193 1273 1418 1317 XXXIV

544 1365 589 1407 p.
616 1351 719 1394 509.
1189 1343 1191 1345 ’

492 1427 673 1479 Crome,
694 1427 746 1469 L.
766 1425 821 1470 G.
888 1427 958 1470 De
983 1428 1165 1484 leyendo
1189 1427 1295 1470 dial.
1330 1459 1340 1469 .
1368 1458 1378 1469 .
1404 1459 1415 1469 .

555 1504 629 1561 qui
653 1504 703 1545 T.
729 1505 856 1560 vulyo
879 1503 1142 1556 inscribitur,
1173 1502 1357 1560 Magaz.
1381 1501 1415 1546 f.

555 1579 761 1623 oeffentl.
802 1579 958 1623 Schul.
996 1582 1083 1622 etc.
1118 1579 1144 1621 I
1179 1580 1330 1622 35-56
1368 1579 1419 1622 ΙΙ

557 1656 692 1709 1-23,
718 1655 975 1713 Liineburg
1001 1656 1201 1716 1790s1.

493 1732 693 1790 Deycks,
706 1732 780 1775 Fr.
822 1733 892 1775 De
908 1740 1016 1775 orat.
1033 1734 1140 1775 dial.
1165 1732 1316 1775 Tacito
1331 1733 1420 1775 vin-

557 1810 742 1862 dicatus,
772 1809 984 1852 Prooem.
1014 1808 1260 1851 Muenster
1284 1809 1418 1851 1856.

454 1884 788 1937 ·*Doederlein,
837 1885 889 1928 L.
960 1884 1127 1928 Rhein.
1174 1885 1297 1928 Mus.
1343 1885 1422 1927 ΠΙ
1499 1909 1501 1911 ·

560 1962 708 2005 16-19
727 1961 943 2005 :Orelli
958 1960 976 1989 1
1007 1976 1052 2018 p.
1078 1962 1261 2004 98-100
1284 1977 1294 2015 ;
1330 1961 1423 2004 Ru-

557 2037 692 2095 perti,
720 2037 873 2081 Praef.
897 2038 988 2081 vol.
1014 2038 1039 2080 Ι
1060 2052 1104 2094 p.
1130 2052 1231 2081 xcv.

463 2115 667 2171 *Dupre,
695 2114 752 2156 A.
810 2115 932 2157 Dial.
960 2116 1014 2157 de
1038 2122 1145 2158 orat.
1171 2130 1251 2157 nec
1274 2114 1420 2165 Quint.

559 2206 638 2234 nec
661 2191 798 2234 cuivis
829 2191 908 2234 alii
942 2192 1019 2233 sed
1062 2191 1213 2234 Tacito
1250 2191 1425 2233 adiudi-

560 2269 751 2310 candum
774 2282 876 2320 esse,
906 2266 1081 2324 (These
1115 2267 1172 2310 de
1208 2266 1420 2328 Rennes)

561 2343 719 2387 Calais
744 2343 862 2386 1849
887 2357 963 2399 pp.
989 2344 1062 2387 70.

466 2419 738 2473 *Ecksteim
765 2420 818 2462 F.
844 2420 901 2462 A.
954 2421 1130 2477 Proleq.
1151 2420 1198 2462 in
1229 2419 1333 2462 Tac.
1352 2420 1426 2476 qui

562 2498 688 2553 vulqo
701 2497 854 2553 fertur
888 2496 994 2538 dial.
1032 2497 1086 2539 de
1123 2503 1246 2549 orat„
1285 2495 1425 2538 Halle

565 2573 686 2615 1835
709 2586 785 2628 pp.
812 2572 885 2615 84.

500 2648 791 2701 Eichstaedt,
824 2648 885 2691 H.
911 2648 961 2692 C.
990 2648 1047 2690 A.
1111 2649 1181 2691 De
1212 2649 1319 2691 dial.
1355 2648 1428 2705 qui

563 2726 814 2768 inscribitur
844 2726 897 2768 de
929 2732 1052 2778 orat„
1099 2724 1215 2767 Iena
1238 2725 1356 2767 1839
1375 2745 1429 2763 =

566 2801 757 2853 Quaest.
781 2799 896 2857 phil.
924 2800 1051 2857 Spec.
1077 2800 1162 2843 VI.

502 2876 763 2930 Fabricius,
785 2877 822 2919 Ι.
840 2877 897 2919 A.
965 2876 1194 2920 Biblioth.
1222 2876 1326 2920 Lat.
1352 2876 1424 2919 ed.

566 2952 758 2996 Ernesti
780 2952 832 2995 II
855 2953 959 2995 325.

503 3029 781 3082 GilbemW.
814 3029 971 3072 Fleck.
982 3028 1149 3073 Jahrb.
1162 3028 1430 3073 CXXXIII

565 3121 610 3162 p.
635 3106 865 3149 203-212.

506 3182 725 3238 Goefing,
748 3182 804 3224 A.
872 3182 942 3225 De
965 3183 1071 3225 dial.
1099 3214 1108 3224 .
1136 3214 1144 3224 .
1173 3214 1181 3224 .
1200 3189 1432 3238 praestan-

568 3259 629 3301 tia
653 3259 693 3310 I,
719 3258 879 3314 Progr.
905 3257 1125 3300 Luebeck
1150 3258 1282 3300 1829.

474 3334 803 3386 *Gruenwald‚
836 3334 955 3390 Eug.
1019 3335 1139 3384 Quae
1164 3335 1275 3377 ratio
1299 3334 1428 3376 inter-

570 3412 719 3453 cedere
744 3411 944 3452 videatur
958 3411 1070 3452 inter
1093 3410 1239 3459 Quint.
1265 3418 1303 3452 et
1326 3410 1429 3452 Tac.

569 3487 708 3539 Dial„
735 3486 857 3528 Berl.
885 3485 1006 3528 Diss.
1035 3486 1152 3527 1883
1181 3500 1255 3541 pp.
1283 3486 1354 3529 57.

1528 510 1790 565 Gudeman,
1820 512 1877 555 A.
1943 512 1986 555 A
2025 527 2119 556 new
2138 513 2370 571 frayment
2401 514 2461 572 of

1594 587 1785 632 Cicero’s
1829 589 2105 641 Hortensius,
2151 589 2282 633 Proc.
2338 589 2447 634 Am.

1586 663 1710 723 Phil.
1736 664 1840 708 Ass.
1866 664 2018 707 XXII
2039 664 2208 708 46-48.

1494 739 1784 793 *Gutmanm
1810 740 1870 783 H.
1938 741 2058 784 Diss.
2083 756 2170 798 qua
2198 742 2249 784 T.
2268 742 2376 786 dial.
2394 743 2450 787 de

1589 825 1696 861 orat.
1712 818 1962 874 scriptorem
1979 833 2067 861 non
2082 832 2170 861 esse
2189 820 2452 862 demonstra-

1590 901 1727 936 tur:
1744 893 1892 937 Orelli
1911 894 1927 921 1
1958 908 2002 950 p.
2040 894 2267 937 101-114.
2290 922 2355 929 —
2375 895 2453 938 In.-

1590 971 1834 1013 troduction
1870 973 1921 1013 to
1959 969 2166 1014 German
2199 970 2363 1024 transl.
2399 970 2453 1015 of

1588 1044 1669 1089 the
1685 1045 1808 1089 Dial.
1831 1045 2070 1103 Stuttgart
2084 1046 2451 1092 1830.—Jahn’s

1591 1121 1780 1175 Archiv,
1823 1122 1983 1179 Suppl.
2025 1123 2111 1166 Bd.
2150 1122 2247 1166 XV
2279 1122 2448 1186 (1849)

1588 1212 1664 1255 pp.
1693 1199 1922 1242 139-150.

1529 1274 1743 1318 Haackh.
1818 1275 2008 1332 Pauly’s
2044 1275 2336 1333 Realencycl.
2373 1274 2453 1319 III

1591 1351 1680 1395 207
1699 1350 1733 1393 f.
1768 1354 1879 1394 note
1903 1352 1930 1394 2
1969 1352 2027 1408 (s.
2043 1366 2084 1395 v.
2121 1352 2293 1409 Eprius
2325 1352 2455 1396 Mar-

1591 1429 1762 1489 cellus).
1829 1426 1902 1471 VI
1924 1428 1966 1481 2,
1993 1428 2126 1472 1570.

1498 1503 1699 1557 *Haase,
1713 1504 1789 1546 Fr.
1825 1503 1978 1547 Praef.
1994 1503 2107 1547 edit.
2125 1504 2216 1548 vol.
2233 1504 2259 1547 I
2273 1518 2350 1561 pp.
2369 1517 2452 1558 Lx,

1497 1580 1662 1633 *Hess,
1704 1580 1779 1623 Fr.
1860 1580 1929 1623 De
1975 1580 2026 1623 C.
2070 1581 2263 1624 Caecilio
2300 1581 2454 1624 Plinio

1591 1657 1710 1699 Min.
1749 1657 1856 1699 dial.
1892 1658 1946 1699 de
1975 1665 2081 1700 orat.
2107 1665 2295 1710 auctore,
2321 1656 2454 1700 Neue

1592 1731 1757 1776 Jahrb.
1813 1732 1856 1776 d.
1905 1733 2106 1790 Paedag.
2162 1747 2221 1776 zu
2277 1731 2456 1776 Lieben

1594 1809 1795 1862 Frauen,
1851 1808 2150 1866 Magdeburg
2205 1809 2323 1852 1831
2375 1822 2453 1866 pp.

1596 1885 1730 1928 1-56.

1533 1961 1857 2015 Hoffmeister,
1895 1961 1945 2005 C.
2020 1962 2107 2005 Die
2132 1962 2458 2006 Weltanscliau·

1596 2053 1686 2095 uny
1708 2039 1784 2081 des
1815 2038 1935 2091 Tac„
1962 2038 2113 2081 Essen
2137 2038 2270 2081 1831.

1533 2113 2073 2171 Hofman-Peerlkamp.
2186 2114 2363 2157 Review
2404 2111 2457 2157 of

1597 2190 1828 2234 Dronke's
1883 2190 2065 2234 edition
2133 2189 2280 2248 (Bibl.
2337 2188 2454 2234 Crit.

1596 2267 1733 2310 Nova
1755 2267 1779 2309 Ι
1804 2267 1870 2328 1).

1503 2343 1724 2395 *Jansen,
1763 2343 1800 2385 Ι.
1834 2343 1895 2385 Η.
1921 2343 1979 2385 A.
2011 2342 2065 2387 G.
2131 2343 2201 2386 De
2252 2343 2302 2385 T.
2347 2342 2457 2386 dial.

1598 2427 1785 2472 auctore,
1813 2418 2088 2476 Groningen
2113 2419 2232 2463 1878
2255 2432 2331 2476 pp.
2358 2418 2432 2461 82.

1536 2495 1903 2548 Kirchenbauer,
1950 2496 2007 2538 A.
2099 2496 2169 2538 De
2213 2495 2460 2539 oeconomia

1599 2572 1698 2615 libri
1742 2572 1815 2629 qui
1860 2573 2032 2614 inscrib.
2079 2572 2186 2615 dial.
2231 2572 2286 2615 de
2334 2578 2459 2625 orat„

1600 2649 1759 2705 Progr.
1786 2648 1977 2692 Olmfitz
1999 2649 2132 2692 1855.

1538 2723 1870 2776 Kirschbaum,
1906 2724 1967 2767 H.
1994 2724 2030 2767 I.
2103 2725 2221 2775 Quid
2250 2723 2300 2767 T.
2323 2737 2464 2767 sense-

1600 2801 1656 2843 rit
1694 2802 1747 2843 de
1783 2802 1909 2843 rebus
1940 2801 2142 2857 publicis,
2184 2799 2307 2844 Diss.
2346 2798 2464 2843 Iena

1603 2876 1736 2920 1857.
2027 2926 2030 2929 .

1508 2951 1743 3005 *Kleiber,
1770 2952 1821 2994 L.
1895 2953 2012 3002 Quid
2037 2953 2086 2995 T.
2112 2953 2158 2995 in
2181 2953 2287 2995 dial.
2303 2951 2466 3010 priori-

1603 3030 1679 3071 bus
1701 3028 1981 3085 scriptoribus
2004 3029 2168 3081 debeat,
2185 3027 2306 3071 Diss.
2324 3027 2465 3071 Halle

1605 3105 1739 3147 1883.

1542 3181 1844 3233 Klossmann‚
1870 3180 1908 3222 Ι.
1930 3180 1981 3223 F.
2017 3181 2192 3238 Proleq.
2213 3181 2260 3223 in
2282 3180 2388 3223 dial.
2407 3180 2462 3223 de

1604 3264 1726 3308 orat„
1745 3255 1866 3299 Diss.
1889 3256 2084 3299 Breslau
2108 3257 2241 3299 1819.
2305 3255 2466 3313 Progr.

1605 3332 1812 3389 Madgal.
1843 3331 2015 3389 Gymn.
2041 3332 2237 3376 Breslau
2262 3332 2394 3375 1833.

1543 3408 1866 3460 Kramarczik,
1894 3408 1995 3451 Ioh.
2022 3408 2109 3451 Im.
2176 3408 2336 3466 Progr.
2356 3405 2468 3451 Hei-

1606 3484 1865 3542 ligenstadt
1891 3484 2023 3527 1841.

686 3591 710 3617 ³⁸*
736 3590 796 3627 To
815 3590 985 3627 articles
1003 3590 1179 3627 marked
1199 3590 1302 3626 with
1320 3600 1375 3627 an
1393 3589 1576 3627 asterisk
1594 3589 1751 3636 special
1770 3589 1977 3626 attention
1995 3589 2032 3626 is
2049 3588 2248 3626 directed.
