2716 3964
859 268 1328 311 PRoLEGoMENA.
2043 257 2094 309 ci

100 411 124 452 1
152 410 192 462 3,
216 411 242 451 8
272 411 423 452 danda
453 415 520 452 est
549 415 703 452 tamen
735 413 943 453 omnibus
975 413 1050 467 (sc.

154 480 321 534 pueris)
363 480 513 531 aliqua
550 481 751 521 remissio
790 483 895 533 quia
932 484 1057 525 nulla

155 562 227 590 res
265 555 333 590 est
373 562 487 602 quae
530 551 728 602 perferre
770 556 911 606 possit
953 567 1056 596 con-

154 623 333 663 tinuum
362 622 562 664 laborem
591 627 674 665 etc.

1141 426 1177 455 Ο.
1214 415 1265 454 13
1300 417 1417 466 ψυχὴ
1451 417 1534 456 τοῖς
1566 417 1638 464 μὲν
1671 417 1902 467 συμμέτροις
1936 411 2095 464 αὔξεται

1195 484 1339 534 πόνοις,
1363 486 1446 525 τοῖς
1466 480 1504 524 δ’
1523 485 1820 535 ὑπερβάλλουσι
1838 487 2093 535 βαπτίζεται.

1195 557 1344 596 Δοτέον
1376 557 1442 594 οὖν
1479 556 1562 595 τοῖς
1595 557 1737 595 παισὶν
1771 557 1976 606 ἀναπνοὴν
2013 561 2097 598 τῶν

1196 629 1379 676 συνεχῶν
1404 626 1535 666 πόνων
1555 657 1564 667 .
1592 657 1602 667 .
1629 657 1639 667 .
1665 630 1743 667 πᾶς
1764 629 1784 667 ὁ
1803 630 1888 679 βίος
1914 631 2027 678 ἡμῶν
2045 631 2097 669 εἰς

1195 698 1328 736 ἄνεσιν
1347 700 1412 737 καὶ
1432 701 1613 748 σπουδὴν
1634 698 1831 750 διῄρηται.

99 820 123 861 1
151 821 191 871 1,
215 821 268 861 36
298 833 405 862 nam
426 825 471 862 et
490 821 686 862 maxime
713 819 963 861 necessaria
988 823 1056 860 est

155 919 166 930 .
193 920 202 930 .
230 921 239 930 .
264 891 482 931 memoria
502 895 547 931 et
568 902 622 931 ea
644 891 880 942 praecipue
906 889 1056 930 firma-

153 962 229 999 tur
247 963 381 1010 atque
402 960 537 1000 alitur
557 960 877 1000 exercitatione
897 963 980 1000 etc.

1140 821 1245 862 ibid.
1283 824 1456 863 Πάντων
1486 825 1530 863 δέ
1554 840 1618 873 μοι
1643 826 1825 874 μάλιστα
1845 826 1922 873 τὴν
1940 824 2100 872 μνήμην

1196 893 1280 931 τῶν
1299 893 1454 932 παίδων
1474 895 1610 933 ἀσκεῖν
1629 895 1694 933 καὶ
1714 895 1925 943 συνεθίζειν
1945 892 2096 934 κτλὲ)Οο

166 1084 301 1131 Now
349 1084 440 1132 the
489 1084 744 1146 Dialogus
788 1084 846 1132 of
893 1083 1107 1133 Tacitus
1157 1085 1395 1134 contains
1439 1101 1470 1134 a
1510 1086 1729 1135 number
1777 1087 1835 1135 of
1882 1086 2095 1151 equally

99 1166 328 1230 striking
353 1166 713 1215 coincidences
739 1166 872 1215 with
896 1182 1143 1230 passages
1171 1167 1227 1215 in
1252 1168 1342 1216 the
1368 1169 1453 1216 Ps.
1480 1169 1835 1218 Plutarchean
1859 1169 2090 1218 treatise.

98 1250 153 1298 It
188 1250 454 1298 therefore
491 1250 700 1298 follows
737 1250 856 1299 that
886 1251 952 1299 he
978 1255 1066 1299 too
1092 1250 1136 1299 is
1162 1251 1466 1315 ultimately
1491 1252 1743 1301 indebted
1767 1257 1822 1301 to
1849 1253 2097 1317 Chrysip-

97 1333 208 1397 pos’
250 1334 370 1398 Περὶ
409 1333 583 1383 παίδων
621 1337 821 1399 ἀγωγῆς,
863 1333 954 1382 the
996 1351 1216 1382 common
1254 1350 1435 1383 source
1476 1335 1534 1383 of
1570 1337 1656 1384 Ps.
1702 1335 1952 1384 Plutarch
1991 1336 2096 1384 and

98 1415 424 1473 Quintilian:

98 1551 134 1581 c.
170 1541 196 1581 5
234 1543 308 1580 Δεῖ
339 1543 381 1580 δὲ
407 1571 416 1581 .
444 1571 454 1582 .
481 1571 492 1582 .

152 1611 272 1650 τέκνα
304 1611 462 1661 τρέφειν
491 1612 556 1650 καὶ
585 1612 738 1651 τούτοις
763 1612 852 1651 τοὺς
880 1612 1054 1659 μαστοὺς

517 1543 639 1581 αὐτὰς
676 1543 750 1582 τὰς
787 1543 961 1592 μητέρας
999 1544 1054 1582 τὰ
1137 1554 1174 1583 c.
1200 1542 1254 1582 28
1282 1549 1322 1582 13
1348 1542 1394 1583 ff.
1434 1554 1539 1583 nam
1578 1543 1751 1594 pridem
1789 1555 1897 1584 suus
1935 1544 2094 1595 cuique

1192 1611 1310 1652 filius
1341 1643 1350 1652 .
1387 1643 1395 1652 .
1433 1643 1442 1653 .
1478 1624 1570 1652 non
1615 1613 1663 1652 in
1711 1612 1871 1653 cellula
1919 1617 2095 1664 emptae

1192 1682 1380 1721 nutricis
1435 1682 1513 1722 sed
1567 1682 1614 1721 in
1666 1683 1836 1734 gremio
1889 1695 1940 1723 ao
1993 1684 2096 1723 sinu

1191 1751 1347 1791 matris
1377 1751 1666 1803 educabatur,
1701 1753 1826 1794 cuius
1854 1754 2095 1805 praecipua

1191 1819 1289 1860 laus
1320 1825 1417 1863 erat
1447 1822 1564 1862 tueri
1593 1822 1778 1863 domum
1807 1826 1852 1863 et
1881 1823 2094 1863 inservire

154 1680 330 1730 ὑπέχειν.
367 1679 694 1730 συμπαθέστερόν
708 1695 753 1719 τε
767 1682 850 1731 ’γὰρ
867 1682 1055 1732 θρέψουσι

153 1751 218 1790 καὶ
240 1750 304 1789 διὰ
324 1750 503 1789 πλείονος
523 1750 749 1798 ἐπιμέλειας
766 1747 817 1790 ὠς
835 1751 883 1789 ἂν
901 1749 1055 1790 ἔνδοθεν

153 1848 164 1859 .
191 1848 201 1859 .
227 1848 237 1859 .
264 1820 485 1867 ἀγαπῶσαι
511 1820 566 1858 τὰ
593 1820 725 1859 τέκνα.
791 1822 830 1859 αἱ
852 1821 987 1859 τίτθαι
1012 1821 1054 1859 δὲ

153 1890 218 1928 καὶ
247 1890 287 1928 αἱ
318 1890 460 1939 τροφοὶ
490 1890 568 1937 τὴν
592 1884 745 1928 εὔνοιαν
766 1890 1056 1940 ὑποβολιμαίαν

154 1987 164 1998 .
191 1988 200 1997 .
227 1987 238 1997 .
262 1956 440 2008 ἔχουσιν,
467 1960 539 1997 ἅτε
557 1960 697 2007 μισθοῦ
718 1961 919 2008 φιλοῦσαι.

125 2112 134 2122 .
161 2082 185 2121 5
214 2083 395 2131 μάλιστα
425 2085 498 2131 μὲν
526 2074 607 2133 οὑν,
643 2086 743 2134 ἅπερ
773 2083 890 2133 ἔφην,
923 2085 1054 2122 ταῦτα

154 2153 390 2202 πειραστέον
401 2154 456 2191 τὰ
471 2154 589 2192 τέκνα
602 2155 762 2203 τρέφειν
773 2155 846 2193 τὰς
860 2155 1032 2203 μητέρας
1044 2167 1054 2176 ·

817 2253 826 2262 .
854 2224 963 2261 ἀλλὰ
981 2223 1054 2262 τάς

153 2303 202 2338 ’γε
230 2291 369 2330 τίτθας
399 2293 463 2330 καὶ
495 2291 662 2342 τρόφους
691 2294 736 2331 οὐ
756 2294 828 2332 τὰς
852 2293 1054 2342 τυχούσας

154 2355 243 2398 ἀλλ’
288 2357 340 2399 ὠς
369 2359 433 2399 ι’ένι
471 2362 653 2409 μάλιστα
692 2363 911 2402 σπουδαίας
955 2363 1054 2401 δοκι-

152 2430 331 2477 μαστέον
351 2430 454 2468 ἐστί.
976 2433 978 2436 ’

153 2222 188 2260 εἰ
213 2217 250 2260 δ’
276 2216 341 2271 ἄρ’
368 2223 570 2262 ἀδυνάτως
591 2225 723 2272 ἐχοῖεν
744 2253 752 2262 .
781 2253 790 2264 .

126 2582 136 2593 .
158 2552 180 2593 7
203 2555 288 2593 ἐπεὶ
311 2555 377 2593 νῦν
395 2567 445 2602 ’γε
463 2555 510 2593 τὸ
531 2554 732 2603 ’γινόμενον
754 2557 920 2596 πολλοῖς
941 2556 1055 2606 ὑπερ-

652 2655 662 2666 .
688 2654 697 2665 .
724 2625 786 2664 ὅτι
807 2621 843 2664 δ’
870 2626 920 2664 ἂν
938 2619 1056 2675 εἴρω-

154 2706 219 2731 σιν
248 2694 496 2743 ἀνδράποδον
525 2695 765 2742 οίνολήπτον
796 2696 861 2734 καὶ
893 2696 1050 2745 λίχνον,

154 2623 467 2671 καταγέλαστόν
486 2625 588 2664 ἐστι.
615 2654 624 2664 .

154 2762 249 2812 πρὸς
269 2764 408 2801 πᾶσαν
427 2765 709 2813 πραγματείαν
724 2765 947 2814 ἄχρηστον,
966 2766 1054 2804 τού-

154 2844 214 2879 τῳ
233 2831 417 2881 φέροντες
438 2831 713 2882 ὑποβάλλουσι
733 2834 821 2873 τοὺς
842 2834 953 2874 υἱούς.

127 3051 137 3063 .
159 3023 184 3063 5
213 3020 444 3064 εὔπλαστον
462 3026 543 3076 γὰρ
564 3027 628 3065 καὶ
650 3026 770 3076 ὑγρὸν
788 3028 813 3075 ἡ
837 3027 967 3076 νεότης
988 3029 1053 3067 καὶ

155 3095 243 3133 ταῖς
257 3095 409 3133 τούτων
422 3096 574 3145 ψυχαῖς
589 3093 767 3136 ἁπαλαῖς
785 3095 847 3135 ἔτι
866 3098 920 3135 τὰ
934 3098 1054 3145 μαθή-

155 3176 264 3209 ματα
285 3164 492 3211 ἐντήκεται
513 3193 521 3202 .
550 3193 558 3202 .
587 3193 596 3203 .
619 3166 659 3203 αἱ
680 3166 867 3213 μαθήσεις
887 3167 974 3205 ταῖς
993 3165 1054 3205 ἔτι

156 3232 325 3270 παιδίων
344 3234 496 3282 ψυχαῖς
513 3234 854 3273 ἐναποτυποῦνται
868 3264 877 3273 .
898 3265 906 3274 .
928 3265 937 3275 .
954 3236 1054 3283 μηδὲ

156 3299 244 3339 τοὺς
261 3299 460 3349 τυχόντας
475 3302 612 3348 μύθους
628 3303 709 3341 τοῖς
724 3304 892 3343 παιδίοις
908 3305 1051 3351 λέγειν.

159 3366 236 3417 Cp.
263 3367 356 3408 also
378 3368 528 3418 Quint.
555 3369 576 3408 I
601 3371 638 3419 1,
665 3371 701 3410 5.
725 3371 789 3410 11.

1192 1889 1354 1931 liberis.

1164 2114 1173 2124 .
1199 2085 1252 2124 28
1280 2092 1321 2124 16
1359 2090 1438 2125 aut
1478 2086 1725 2137 eligebatur
1762 2087 1906 2127 maior
1944 2087 2095 2138 aliqua

1192 2159 1303 2194 natu
1323 2156 1574 2206 propinqua
1595 2156 1720 2196 cuius
1746 2156 1946 2207 probatis
1972 2168 2096 2207 spec-

1192 2224 1386 2275 tatisque
1426 2226 1624 2265 moribus
1652 2256 1661 2265 .
1689 2256 1698 2266 .
1726 2256 1735 2266 .
1761 2226 1938 2266 suboles
1976 2237 2095 2266 com-

1192 2293 1445 2333 mitteretur

1165 2588 1174 2597 .
1200 2558 1254 2597 29
1270 2564 1288 2596 1
1318 2557 1383 2597 At
1403 2569 1522 2598 nunc
1542 2562 1676 2598 natus
1694 2558 1846 2598 infans
1865 2558 2095 2610 delegatur

1195 2626 1439 2667 Graeculae
1489 2627 1622 2667 alicui
1670 2627 1858 2667 ancillae
1902 2628 1975 2668 cui
2018 2628 2095 2668 ad-

1193 2695 1393 2746 iungitur
1421 2708 1538 2736 unus
1568 2700 1646 2736 aut
1675 2696 1788 2736 alter
1808 2708 1864 2736 ex
1888 2698 2095 2737 omnibus

1192 2765 1332 2804 servis
1360 2765 1621 2815 plerumque
1643 2765 1881 2806 vilissimus
1900 2778 1982 2806 nec
2003 2767 2095 2806 cui-

1194 2846 1329 2884 quam
1358 2834 1472 2874 serio
1502 2835 1750 2875 ministerio
1781 2835 2094 2875 adcommoda-

1193 2907 1267 2943 tus

1166 3059 1174 3068 .
1201 3029 1254 3067 29
1269 3036 1290 3067 3
1318 3029 1479 3067 horum
1499 3028 1664 3068 fabulis
1684 3033 1729 3068 et
1748 3030 1972 3069 erroribus
1991 3030 2094 3069 viri-

1193 3097 1272 3136 des
1309 3098 1460 3137 statim
1501 3101 1545 3136 et
1582 3098 1726 3137 teneri
1769 3098 1908 3138 animi
1951 3099 2094 3138 imbu-

1193 3171 1332 3205 untur
1354 3178 1437 3206 nec
1463 3167 1695 3217 quisquam
1719 3198 1727 3207 .
1751 3198 1758 3207 .
1783 3199 1791 3207 .
1813 3167 1939 3218 pensi
1959 3168 2094 3207 habet

1194 3235 1301 3286 quid
1322 3247 1470 3275 coram
1492 3235 1665 3276 infante
1681 3236 1863 3276 domino
1880 3240 1958 3276 aut
1973 3236 2094 3276 dicat

1194 3308 1272 3344 aut
1292 3304 1440 3344 faciat.

176 3503 230 3531 2⁰⁰
248 3505 391 3546 There
422 3518 496 3546 are
526 3507 655 3547 other
682 3512 827 3549 traces
847 3509 894 3549 of
916 3510 1222 3562 Chrysippean
1252 3511 1473 3552 influence
1498 3512 1544 3551 in
1565 3512 1653 3552 this
1673 3513 1867 3562 treatise‚
1892 3513 2036 3552 which
2058 3512 2093 3552 it

103 3572 252 3613 would
270 3574 326 3614 be
347 3575 588 3616 irrelevant
607 3576 679 3616 for
698 3589 775 3628 my
795 3583 975 3629 present
994 3592 1184 3630 purpose
1215 3584 1261 3620 to
1292 3586 1562 3621 enumerate.
1627 3581 1725 3631 Cp.‚
1748 3582 1968 3631 however,
1994 3593 2029 3621 e.
2046 3594 2086 3633 g.

104 3651 140 3680 c.
165 3641 191 3680 4
212 3642 306 3682 init.
333 3644 441 3683 with
461 3644 577 3686 Plut.
603 3646 670 3685 De
693 3646 825 3687 Stoic.
852 3659 1035 3699 repugn.
1062 3661 1105 3699 p.
1134 3650 1239 3689 1033
1264 3649 1552 3702 (Chrysippos
1575 3653 1671 3700 Περὶ
1691 3651 1823 3703 βίων).
