2716 3964
1198 275 1245 315 C.
1281 277 1347 315 26.
2158 265 2264 316 269

279 419 388 480 wit,
415 419 588 467 which
614 419 861 482 qualities
887 419 1063 468 would
1100 421 1369 484 naturally
1395 421 1505 469 also
1542 421 1681 470 taint
1721 421 1803 469 his
1838 422 2107 485 language.
2185 424 2263 472 Cf.

280 501 455 559 Quint.
483 502 566 550 XI
592 502 640 563 1,
667 503 732 551 30
770 501 827 549 in
851 502 1005 550 rebus
1034 518 1092 551 ac
1117 503 1291 551 verbis
1318 520 1501 566 parum
1541 504 1790 552 modestis
1818 520 1876 553 ac
1913 505 2117 568 pudicis
2144 505 2266 553 vilis

279 585 447 648 pudor
473 622 483 632 .
515 622 524 632 .
555 624 564 634 .
594 601 726 648 quae
765 584 877 633 fere
918 585 1163 633 accidunt
1203 585 1269 634 iis
1297 586 1388 649 qui
1428 586 1650 634 nimium
1682 625 1692 635 .
1722 625 1731 635 .
1763 625 1772 635 .
1814 587 2025 635 ridiculi
2066 588 2265 636 volunt.

282 667 491 729 Seneca,
535 667 739 730 though
785 668 851 716 he
895 667 1083 731 highly
1125 668 1327 731 praises
1371 669 1455 717 his
1507 670 1642 733 style
1688 671 1885 739 (Contr.
1916 671 2005 717 III
2044 671 2207 734 praef.
2237 674 2267 720 7

278 750 496 814 phrasin
515 767 621 798 non
639 751 909 813 vulgarem
933 767 1027 799 nec
1049 751 1314 800 sordidam
1340 753 1432 800 sed
1457 753 1699 817 electam)
1721 757 1912 801 cannot
1937 753 2060 816 help
2083 754 2270 817 saying

278 833 397 881 that
423 833 549 897 only
569 835 818 896 quamdiu
844 834 973 882 citra
990 835 1116 881 iocos
1141 852 1191 883 se
1217 836 1510 896 continebat,
1530 836 1767 884 censoria
1792 836 1957 884 oratio
1984 841 2109 884 erat.
2166 837 2268 885 His

278 916 372 964 wit
397 932 520 977 was,
547 917 924 978 nevertheless,
950 917 1169 980 barring
1205 917 1275 966 its
1312 918 1613 979 bitterness,
1643 919 1700 966 01
1727 935 1757 967 6
1781 919 1911 981 high
1948 920 2110 967 order.
2188 921 2267 970 Cf.

280 999 456 1056 Quint.
484 1001 537 1048 X
562 1000 609 1060 1,
628 1000 727 1049 117
769 1000 825 1047 in
859 1016 918 1048 eo
954 1004 1007 1048 et
1041 1001 1296 1049 acerbitas
1332 1001 1466 1049 mira
1499 1006 1551 1049 et
1581 1002 1853 1050 urbanitas
1882 1040 1891 1050 .
1923 1040 1932 1050 .
1963 1041 1972 1050 .
2002 1007 2272 1065 praeterea

277 1086 338 1130 ut
363 1082 529 1130 amari
549 1083 701 1143 sales,
722 1083 800 1132 ita
825 1083 1132 1146 frequenter
1152 1084 1445 1132 amaritudo
1473 1084 1590 1148 ipsa
1615 1084 1839 1133 ridicula
1864 1090 1944 1134 est
1982 1087 2086 1134 and
2105 1086 2270 1134 below

284 1165 338 1234 (l.
365 1165 459 1230 22).
535 1167 638 1214 For
678 1166 1047 1227 illustrations,
1088 1182 1172 1214 see
1210 1167 1326 1215 Sen.
1358 1168 1533 1216 Contr.
1564 1168 1622 1214 II
1649 1169 1731 1229 12,
1761 1169 1824 1216 11
1876 1169 1966 1215 III
1993 1169 2156 1232 praef.
2188 1170 2268 1218 16.

279 1249 347 1297 17
396 1249 448 1296 Χ
478 1249 642 1312 praef.
672 1250 718 1298 8.
746 1251 829 1310 34,
855 1250 922 1297 20
987 1249 1163 1306 Quint.
1192 1250 1271 1299 VI
1305 1251 1351 1310 1,
1378 1251 1459 1298 43.
1489 1251 1535 1310 3,
1565 1251 1643 1299 78.
1675 1252 1739 1299 79
1802 1252 1942 1300 VIII
1979 1252 2027 1312 2,
2054 1253 2100 1299 2.
2130 1254 2176 1313 3,
2205 1253 2269 1301 89

278 1332 362 1379 XI
389 1332 435 1392 1,
463 1332 543 1381 57.
573 1333 620 1393 3,
649 1333 764 1381 133.
819 1333 959 1381 Suet.
989 1333 1051 1380 de
1080 1349 1293 1394 gramm.
1316 1334 1397 1380 22.
1416 1334 1701 1394 —omissa,
1741 1334 1986 1397 agreeing
2011 1335 2144 1383 with
2179 1336 2270 1383 the

279 1429 462 1462 nearer
488 1415 546 1462 01
567 1419 673 1463 two
699 1415 948 1479 subjects,
978 1431 1008 1463 a
1039 1431 1198 1478 usage
1227 1416 1512 1479 especially
1538 1433 1775 1464 common
1800 1417 1856 1464 in
1893 1418 1991 1465 abl.
2021 1418 2127 1466 abs.
2158 1435 2273 1466 con-

280 1497 581 1546 structions.
657 1499 736 1548 Cf.
765 1514 806 1546 6.
836 1515 880 1561 g.
909 1498 1006 1561 Ag.
1035 1499 1101 1546 28
1141 1498 1311 1546 occiso
1338 1499 1640 1547 centurione
1680 1515 1738 1547 ac
1770 1500 2029 1548 militibus
2080 1502 2149 1549 H.
2180 1502 2269 1549 III

280 1581 346 1629 69
372 1580 539 1629 mixto
565 1581 735 1629 milite
757 1585 810 1629 et
830 1581 1144 1644 quibusdam
1171 1585 1471 1629 senatorum
1520 1582 1568 1631 V
1587 1583 1652 1630 20
1680 1582 1849 1630 occiso
1876 1584 2145 1646 praefecto
2173 1622 2183 1632 .
2214 1623 2222 1632 .
2256 1623 2265 1632 .

280 1667 334 1711 et
361 1663 678 1726 primoribus
741 1664 885 1714 Caes.
915 1665 974 1712 Β.
1006 1665 1065 1713 G.
1094 1665 1154 1711 II
1181 1665 1263 1725 28,
1293 1665 1322 1712 1
1361 1681 1523 1728 prope
1562 1666 1629 1712 ad
1665 1665 2079 1714 internecionem
2117 1672 2270 1729 gente

279 1762 339 1796 66
374 1747 585 1795 1101111116
623 1747 940 1795 Nerviorum
969 1748 1181 1795 redacto
1231 1748 1322 1794 III
1348 1748 1430 1808 20,
1459 1749 1489 1794 2
1529 1748 1742 1796 auxiliis
1771 1749 2113 1812 equitatuque
2140 1766 2273 1798 com-

279 1833 464 1893 parato
526 1829 630 1879 Cic.
659 1830 722 1878 de
748 1834 875 1878 orat.
905 1831 933 1878 I
960 1831 1042 1891 33,
1070 1831 1171 1878 153
1221 1830 1523 1895 intermisso
1555 1820 1768 1894 *impetu
1811 1832 2069 1895 pulsuque
2111 1849 2272 1881 remo-

280 1929 410 1960 rum.
462 1913 568 1961 But
585 1913 718 1961 with
734 1929 924 1977 proper
949 1929 1128 1961 names
1150 1914 1253 1961 and
1268 1913 1516 1976 persona]
1544 1914 1902 1962 substantives
1923 1915 2013 1963 the
2035 1915 2270 1978 singular

280 1994 325 2044 is
351 1995 457 2044 less
483 1996 743 2059 frequent.
821 1996 911 2059 Cp.
941 1997 1030 2044 Dr.
1060 1997 1128 2043 H.
1157 1996 1205 2044 S.
1236 1996 1263 2043 I
1291 1997 1390 2045 176
1412 1996 1464 2043 11.

349 2079 414 2127 19
454 2080 616 2128 armis
646 2080 1050 2142 incompositus:
1090 2079 1200 2127 The
1226 2079 1389 2141 figure
1417 2079 1461 2127 is
1487 2079 1649 2147 taken
1676 2079 1813 2127 from
1839 2080 2067 2143 fencing.
2133 2082 2272 2130 Such

279 2161 560 2210 rhetorical
586 2162 793 2211 devices
820 2178 875 2210 as
905 2162 1128 2210 Severus
1156 2163 1278 2210 does
1306 2162 1531 2225 employ,
1559 2162 1624 2210 he
1650 2178 1770 2210 uses
1796 2163 2141 2228 unskillfully
2167 2166 2272 2213 and

281 2243 337 2291 in
375 2244 458 2293 his
495 2261 769 2308 eagerness
809 2249 864 2293 to
906 2245 1070 2293 strike
1112 2261 1142 2293 a
1179 2245 1331 2306 blow,
1360 2245 1424 2293 he
1465 2245 1510 2293 is
1550 2245 1819 2309 generally
1844 2246 2052 2294 thrown
2078 2247 2152 2295 off
2185 2248 2269 2296 his

278 2327 508 2376 balance.
583 2329 946 2391 Incompositus
972 2328 1272 2390 ‘irregular,
1320 2328 1510 2376 devoid
1549 2328 1606 2375 01
1647 2328 1758 2376 art'
1797 2344 1852 2376 as
1894 2345 1934 2378 e.
1965 2346 2010 2392 g.
2055 2329 2110 2377 in
2138 2331 2267 2379 Hor.

281 2411 386 2459 Sat.
415 2412 442 2458 1
469 2412 551 2472 10,
579 2412 609 2459 1
648 2411 994 2475 incomposito
1034 2450 1043 2459 .
1074 2449 1083 2459 .
1115 2449 1124 2459 .
1159 2412 1291 2475 pede
1352 2412 1506 2473 Vei-g.
1538 2412 1722 2473 Georg.
1752 2412 1779 2458 I
1817 2413 1917 2460 350
1954 2418 2126 2461 motus
2169 2413 2266 2462 inc.

279 2493 453 2550 Quint.
482 2495 534 2542 X
565 2495 611 2556 1,
640 2496 704 2543 66
743 2495 887 2543 rudis
928 2499 980 2542 et
1020 2494 1075 2542 in
1115 2494 1380 2557 plerisque
1420 2494 1518 2542 inc.
1553 2498 1642 2562 (56.
1673 2494 2271 2560 Aeschylus).—armis

278 2575 291 2596 ‘
307 2575 363 2623 in
382 2577 472 2625 the
492 2593 584 2625 use
605 2578 675 2638 of,
697 2577 754 2624 in
774 2579 959 2640 regard
977 2578 1065 2626 to.⁷
1128 2579 1230 2625 For
1249 2577 1340 2625 the
1361 2577 1479 2636 abl„
1499 2577 1565 2625 61.
1589 2577 1763 2633 Quint.
1785 2578 1864 2626 IV
1884 2578 1931 2638 5,
1951 2579 2015 2626 10
2037 2579 2267 2628 moribus

277 2658 669 2723 incompositus.
711 2660 722 2679 ²
737 2660 906 2708 arma'
928 2660 972 2709 is
999 2676 1353 2724 synonymous
1375 2659 1507 2707 with
1528 2659 1538 2678 ‘
1555 2659 1939 2720 instrumenta,⁷
1959 2677 2043 2709 see
2064 2677 2103 2710 c.
2129 2663 2193 2710 31
2215 2671 2270 2710 20

277 2747 459 2806 parato
479 2743 621 2791 omni
641 2743 992 2792 instrumento
1038 2743 1154 2791 Sen.
1176 2743 1351 2792 Contr.
1372 2743 1462 2789 III
1484 2742 1649 2805 praef.
1670 2744 1700 2790 6
1726 2742 1888 2810 (cited
1906 2743 1939 2791 l.
1957 2744 2048 2808 18.)
2090 2745 2266 2802 Quint.

277 2825 391 2873 XII
417 2826 464 2886 2,
493 2826 524 2874 5
563 2842 680 2874 611111
717 2842 778 2874 66
815 2826 1024 2874 dicendi
1058 2825 1259 2873 viribus
1298 2829 1527 2885 tuentur,
1555 2824 1635 2872 uti
1667 2825 1935 2873 rhetorum
1961 2826 2135 2888 armis,
2164 2844 2269 2875 non

277 2907 386 2956 suis
447 2909 494 2969 5,
523 2909 553 2956 1
591 2909 718 2957 haec
744 2913 868 2956 sunt
894 2947 903 2956 .
935 2946 944 2956 .
975 2947 985 2956 .
1015 2908 1369 2956 instrumenta
1399 2907 1528 2955 artis
1558 2945 1566 2954 .
1599 2945 1608 2954 .
1640 2944 1649 2955 .
1679 2907 1846 2970 ipsius
1873 2909 2111 2969 oratoris,
2140 2910 2268 2958 haec

277 3005 421 3038 arma
445 2991 635 3039 habere
661 2992 728 3040 ad
752 3007 978 3039 manum.

345 3073 410 3120 20
450 3074 706 3124 deiectus:
768 3074 878 3122 The
937 3074 1212 3137 metaphor
1261 3073 1305 3121 is
1356 3089 1484 3136 very
1534 3088 1786 3133 common,
1837 3073 1931 3121 but
1981 3074 2036 3120 in
2088 3075 2268 3124 Cicero

276 3154 471 3218 always
498 3156 629 3203 with
665 3157 755 3204 the
795 3156 1035 3204 addition
1060 3156 1116 3204 01
1153 3157 1216 3203 (16
1243 3159 1400 3215 statu,
1430 3155 1594 3217 gradu
1619 3171 1676 3202 or
1709 3156 1844 3203 sede.
1922 3156 2012 3219 Cp.
2044 3157 2265 3220 Sandys,

278 3236 418 3285 Orat.
459 3239 541 3298 37,
581 3239 695 3287 129.
771 3240 872 3287 For
911 3254 942 3287 a
978 3238 1180 3286 similar
1230 3237 1466 3285 absolute
1516 3253 1623 3296 use,
1664 3237 1731 3285 cf.
1774 3238 1910 3287 Cael.
1946 3254 2026 3301 ap.
2057 3239 2160 3288 Cic.
2202 3241 2269 3288 ad

277 3318 399 3367 fam.
427 3320 567 3368 VIII
593 3322 640 3380 4,
668 3322 699 3369 3
737 3322 809 3368 M.
834 3321 1070 3370 Caelium
1090 3319 1427 3370 Vinicianum
1455 3318 1653 3367 mentio
1679 3319 1774 3367 illa
1798 3319 1948 3368 fatua
1974 3358 1983 3368 .
2014 3358 2024 3368 .
2054 3358 2064 3369 .
2094 3321 2267 3368 subito

277 3400 467 3449 deiecit
528 3402 641 3450 Liv.
684 3404 988 3452 XXXVIII
1032 3403 1098 3451 35
1140 3401 1411 3449 inimicum
1455 3417 1514 3449 eo
1559 3417 1764 3464 quoque
1814 3417 1950 3450 anno
1999 3407 2266 3465 petentem

277 3482 554 3532 deiecisset
614 3486 731 3533 Tac.
760 3485 897 3533 Ann.
926 3486 986 3532 II
1012 3486 1043 3532 4
1071 3484 1393 3532 Artavasdes
1433 3521 1442 3531 .
1474 3521 1484 3531 .
1515 3521 1524 3530 .
1566 3483 1798 3531 deiectus
1842 3487 1932 3552 (sc.
1963 3485 2025 3531 de
2064 3485 2262 3549 regno).

276 3564 428 3613 With
452 3566 542 3614 the
574 3567 813 3629 thought,
841 3567 907 3616 cf.
937 3567 1112 3624 Quint.
1142 3567 1220 3615 IV
1246 3568 1292 3625 2,
1321 3567 1385 3614 26
1423 3570 1482 3613 ut
1510 3565 1564 3612 in
1591 3581 1853 3614 armorum
1892 3566 2095 3614 ratione
2134 3567 2267 3614 anti-

278 3646 427 3710 quior
453 3649 671 3696 cavendi
698 3666 853 3712 quam
879 3649 1041 3698 ictum
1069 3648 1334 3696 inferendi
1365 3664 1489 3695 cura
1514 3652 1607 3695 est.
