2716 3964
559 197 659 251 xiv
1322 209 1792 254 PRoLEcoMENA.

560 353 777 418 ‘vulgo’
822 355 878 403 in
919 356 1010 404 the
1053 355 1190 418 title,
1235 357 1340 404 and
1381 357 1447 405 he
1490 372 1597 405 was
1642 358 1883 422 strongly
1926 358 2174 422 disposed
2213 363 2269 408 to
2311 361 2550 410 abandon

560 438 856 496 Quintilian
893 438 1203 501 altogether,
1241 439 1462 488 because
1499 439 1557 487 of
1592 440 1980 503 chronological
2017 441 2356 491 (11111011113105.8
2579 445 2583 450 ’

628 521 807 569 Doubt
832 521 877 569 is
904 521 1225 584 contagious.
1301 522 1368 569 In
1404 522 1496 570 the
1534 527 1748 586 present
1786 523 2023 573 instance
2053 524 2144 573 the
2177 529 2323 588 great
2347 530 2555 590 reputa?

558 603 672 652 tion
697 603 872 652 which
896 604 988 652 the
1009 604 1319 668 ‘sospitator
1339 603 1536 653 Taciti'
1559 605 1870 670 deservedly
1890 607 2129 671 enjoyed,
2150 608 2553 674 unfortunately

557 686 776 735 blinded
813 687 1136 751 subsequent
1174 687 1406 736 scholar-s
1430 692 1487 737 to
1511 689 1603 738 the
1629 689 1874 753 palpable
1899 690 2171 739 weakness
2200 691 2258 739 of
2288 690 2371 739 his
2406 707 2555 755 argu-

558 774 745 818 ments.
821 770 1036 833 Lipsius
1085 769 1305 818 himself
1351 771 1555 842 would*
1574 772 2021 837 unquestionably
2063 773 2211 826 have,
2245 773 2552 824 abandoned

556 853 718 914 them,
761 853 807 900 if
848 853 913 902 he
952 853 1058 902 had
1095 853 1228 902 been
1267 853 1383 902 able
1422 858 1478 903 to
1518 859 1737 904 account
1777 856 1859 904 for
1897 856 1989 904 the
2027 856 2280 905 manifest
2318 857 2553 922 stylistic

558 935 840 985 difference
895 936 1133 985 between
1185 937 1277 984 the
1332 936 1588 1000 Dialogus
1644 939 1747 986 and
1801 939 1892 987 the
1946 938 2221 988 historical
2273 940 2445 989 works
2495 941 2554 989 of

558 1019 789 1080 Tacitus,
817 1020 922 1068 and
955 1019 1000 1068 it
1034 1019 1079 1067 is
1114 1019 1222 1068 this
1255 1024 1531 1082 argument
1554 1020 1728 1070 which
1753 1021 1848 1070 has
1876 1021 2018 1070 since
2044 1021 2128 1070 his
2155 1022 2258 1086 day
2283 1023 2553 1072 remained

556 1101 649 1150 the
686 1117 784 1150 one
823 1106 969 1165 great
1006 1102 1235 1151 obstacle
1267 1102 1325 1150 in
1354 1101 1446 1152 the
1472 1119 1589 1168 way
1614 1104 1672 1152 of
1696 1120 1726 1152 a
1749 1104 2063 1153 unanimous
2088 1105 2293 1154 verdict
2317 1104 2375 1153 in
2399 1106 2553 1155 favor

558 1184 617 1232 of
639 1185 731 1233 the
757 1185 937 1233 writer
961 1189 1016 1233 to
1041 1185 1215 1233 whom
1239 1185 1313 1249 all
1338 1202 1432 1234 our
1458 1186 1608 1234 MSS.
1637 1187 1890 1235 attribute
1915 1187 2007 1235 the
2034 1187 2306 1250 Dialogue.
2367 1189 2553 1238 Under

556 1266 648 1314 the
675 1266 1097 1327 circumstanceS,
1124 1267 1383 1329 however,
1412 1268 1663 1316 Tacitean
1688 1268 1998 1332 authorship
2025 1271 2234 1318 seemed
2258 1274 2350 1319 out
2375 1271 2432 1319 of
2459 1271 2551 1320 the

558 1349 817 1412 question.
871 1349 1181 1411 Quintilian,
1226 1349 1283 1397 in
1326 1350 1464 1413 spite
1503 1351 1561 1398 of
1598 1351 1828 1414 Lipsius'
1873 1351 2022 1412 later,
2063 1352 2225 1401 albeit
2265 1353 2554 1403 somewhat

558 1432 913 1481 half-hearted
932 1433 1233 1494 retraction,
1260 1433 1366 1481 had
1390 1434 1481 1482 the
1507 1438 1645 1482 most
1672 1433 2016 1498 supporterS,⁴
2036 1435 2303 1484 doubtless
2330 1435 2552 1486 because

627 1571 645 1598 ⁸
659 1571 726 1611 As
745 1571 938 1622 Lipsius’
962 1570 1073 1612 final
1100 1574 1336 1612 utterance
1367 1583 1426 1612 011
1455 1572 1545 1612 this
1565 1572 1752 1623 subject,
1778 1573 1826 1612 in
1845 1573 1914 1612 his
1934 1572 2105 1613 edition
2126 1573 2174 1613 of
2195 1574 2317 1624 1585,
2340 1574 2554 1627 virtually

557 1641 800 1691 embodies,
824 1641 995 1692 though
1024 1641 1072 1680 in
1100 1652 1224 1681 some
1254 1652 1378 1681 cases
1407 1641 1514 1692 only
1544 1641 1592 1681 in
1621 1641 1831 1691 solution,
1856 1646 1975 1682 most
2004 1641 2052 1682 of
2080 1642 2157 1682 the
2187 1642 2434 1693 objections
2452 1645 2558 1686 sub-

555 1710 793 1762 sequently
814 1710 955 1762 urged
975 1710 1151 1761 against
1169 1710 1246 1750 the
1267 1710 1482 1751 Tacitean
1509 1711 1774 1761 authorship
1795 1710 1842 1750 of
1870 1711 1947 1750 the
1974 1710 2207 1762 Dialogue,
2233 1712 2269 1751 it
2288 1712 2379 1752 will
2399 1716 2480 1753 not
2498 1713 2555 1754 be

555 1785 637 1821 out
657 1780 705 1820 of
723 1780 864 1831 place,
888 1783 937 1820 to
967 1779 1053 1820 cite
1082 1780 1159 1820 the
1188 1791 1374 1832 passage
1395 1780 1442 1819 in
1462 1779 1573 1820 full:
1609 1783 1619 1803 ⁴
1634 1780 1832 1831 Scriptor
1860 1783 2014 1820 tamen
2043 1780 2136 1831 ipse
2166 1781 2374 1822 incertus.
2437 1783 2557 1823 Nam

554 1850 764 1890 Tacitum
798 1849 950 1899 fuisse,
989 1849 1066 1899 qui
1099 1849 1315 1889 credam?
1375 1849 1526 1898 Stylus
1560 1849 1683 1890 valde
1717 1849 1882 1899 abnuit,
1918 1849 2052 1900 idque
2086 1861 2179 1890 non
2213 1849 2355 1891 fallax
2389 1850 2437 1891 in
2469 1851 2556 1892 1100

553 1930 716 1971 genere
751 1921 1096 1970 argumentum:
1141 1918 1286 1969 stylus
1324 1918 1373 1957 in
1407 1918 1578 1968 Tacito,
1618 1918 1886 1958 constrictus
1923 1919 2103 1969 ubique,
2141 1922 2274 1969 teres,
2313 1923 2473 1960 acutus
2511 1924 2558 1961 et

552 2001 734 2030 severus
753 1988 896 2040 magis
918 2000 1052 2039 quam
1073 1987 1272 2038 lepidus:
1303 1988 1376 2028 hic
1398 1987 1551 2028 omnia
1571 1991 1742 2028 contra.
1800 1987 1875 2040 (So
1897 1987 1991 2028 also
2011 1988 2263 2038 Andresen‚
2288 1988 2406 2029 Einl.
2431 2001 2474 2041 p.
2501 1990 2527 2030 9
2543 2005 2556 2030 z

553 2059 648 2098 Der
668 2058 751 2099 Stil
771 2058 850 2098 des
870 2059 926 2097 D.
952 2058 1032 2098 hat
1051 2057 1135 2097 mit
1155 2057 1257 2097 dem
1287 2057 1585 2097 historischen
1617 2057 1699 2098 Stil
1729 2057 1807 2097 des
1836 2057 2019 2097 Tacitus
2047 2057 2189 2098 nichts
2218 2058 2431 2113 gemein.)
2489 2059 2558 2099 At

551 2128 722 2169 mutari
741 2129 778 2168 is
798 2128 846 2167 in
868 2131 1016 2168 aetate
1038 2130 1117 2167 aut
1137 2131 1403 2179 argumento
1423 2131 1586 2178 potest,
1611 2127 1835 2178 inquiunt.
1898 2127 2001 2166 Non
2027 2138 2167 2178 nego:
2198 2127 2277 2167 sed
2305 2139 2555 2180 numquam

552 2198 618 2238 ita
636 2202 688 2238 ut
708 2198 841 2238 abeat
860 2208 1043 2248 prorsus
1063 2208 1091 2237 a
1109 2207 1217 2238 sese.
1272 2196 1500 2247 Quidquid
1522 2196 1678 2237 Cicero
1699 2195 1876 2247 scripsit
1895 2207 2047 2246 senex,
2067 2196 2241 2237 iuvenis
2259 2196 2550 2249 philologum,

551 2268 882 2320 philosophum,
908 2267 955 2306 in
976 2266 1030 2306 iis
1049 2270 1204 2306 tamen
1233 2265 1498 2306 liniamenta
1528 2266 1749 2316 quaedam
1777 2269 1994 2316 apparent
2015 2266 2215 2306 eiusdem
2234 2266 2320 2306 viri
2339 2270 2385 2307 et
2403 2266 2556 2307 vultus

551 2368 564 2378 .
591 2368 600 2377 .
629 2368 638 2377 .
665 2338 848 2378 aetatem
879 2337 1011 2377 etiam
1037 2336 1146 2385 vide,
1171 2336 1211 2375 si
1234 2346 1320 2375 non
1333 2336 1517 2385 puynat.
1581 2335 1666 2375 Hic
1696 2334 1886 2386 scriptor
1914 2346 2167 2375 sermonem
2196 2335 2316 2376 hunc
2345 2335 2552 2376 habitum

550 2407 726 2447 inducit
757 2409 885 2446 sexto
916 2405 1122 2445 Flaviani
1154 2404 1331 2455 imperii
1362 2416 1508 2444 anno:
1549 2404 1678 2455 eique
1710 2403 1966 2444 interfuisse
1994 2415 2042 2444 se
2072 2404 2308 2444 admodum
2339 2405 2546 2446 iuvenem.

552 2476 789 2527 Quomodo
824 2487 929 2515 vero
963 2479 1072 2515 tunc
1108 2474 1354 2515 admodum
1393 2474 1567 2514 iuvenis
1601 2474 1796 2523 Tacitus,
1835 2474 1872 2513 si
1905 2474 2099 2514 honores
2137 2474 2275 2514 etiam
2313 2474 2432 2525 cepit
2468 2475 2554 2515 sub

550 2546 831 2597 Vespasiano
853 2575 862 2585 .
891 2576 900 2585 .
928 2574 937 2584 .
1003 2544 1089 2585 Sed
1125 2543 1393 2593 exemplaria
1426 2544 1575 2583 omnia
1613 2543 1761 2583 Tacito
1797 2542 1953 2582 librum
1987 2543 2101 2583 hunc
2136 2545 2347 2584 asserunt.
2425 2543 2550 2594 Quae

550 2616 661 2656 illa?
701 2615 779 2655 vix
808 2614 919 2654 bina
950 2617 1029 2654 aut
1059 2616 1191 2653 terna
1221 2612 1354 2653 credo
1387 2624 1440 2652 ea
1472 2623 1565 2652 esse
1595 2612 1643 2651 in
1675 2611 1798 2652 omni
1830 2613 2025 2662 Europa,
2062 2623 2175 2662 quae
2209 2615 2304 2652 tam
2339 2611 2470 2652 facile
2505 2617 2551 2652 et

548 2697 744 2737 pronum
779 2687 847 2724 est
882 2683 954 2723 hic
989 2683 1170 2722 mentiri
1205 2694 1340 2732 quam
1374 2682 1422 2721 in
1457 2681 1555 2722 aliis
1588 2681 1713 2721 libris
1751 2693 1895 2732 saepe.
1974 2681 2061 2721 Sed
2100 2681 2236 2721 etiam
2274 2681 2549 2731 Pomponius

550 2755 752 2795 Sabinus.
817 2753 863 2792 Is
894 2752 1031 2804 igitur
1063 2751 1255 2792 Sabinus
1285 2751 1459 2791 mediae
1492 2750 1652 2791 aetatis
1681 2750 2000 2801 grammaticus
2034 2750 2079 2789 in
2116 2761 2298 2790 carmen
2331 2749 2387 2789 de
2422 2750 2549 2790 obitu

549 2822 852 2864 Maecenatis:
898 2820 1132 2862 Cornelius
1171 2821 1353 2860 Tacitus
1392 2819 1587 2870 appellat
1626 2819 1792 2870 scripta
1826 2819 2102 2859 Maecenatis
2136 2818 2424 2859 calamistros.
2463 2830 2546 2859 nec

548 2904 714 2945 negare
743 2895 862 2932 certe
890 2902 1127 2941 possumus
1149 2890 1257 2940 quin
1279 2890 1315 2929 is
1335 2889 1459 2929 locus
1478 2889 1698 2939 hodieque
1720 2888 1767 2927 in
1787 2888 1871 2928 1100
1892 2887 2041 2927 libello
2062 2891 2219 2929 exstet.
2245 2887 2352 2938 quid
2371 2887 2546 2928 (11031111

549 2963 664 3003 50110
697 2966 742 3002 et
773 2961 979 3012 ingenue,
1015 2959 1128 2998 nihil
1160 2971 1231 2998 me
1265 2959 1445 2999 credere
1477 2958 1580 2998 huic
1613 2957 1798 3009 ignobili
1831 2957 2011 3006 Sabino,
2045 2958 2121 3008 qui
2152 2968 2208 2996 ex
2238 2957 2379 2997 veteri
2409 2958 2547 2998 verbo

548 3031 789 3073 somniavit
809 3030 1000 3070 fortasse
1024 3029 1143 3080 quod
1164 3029 1307 3069 voluit
1331 3029 1362 3081 (1
1381 3030 1407 3082 1)
1433 3059 1441 3068 .
1470 3059 1479 3068 .
1508 3058 1516 3068 .
1581 3027 1861 3067 Incommodi
1885 3026 1991 3077 quid
2013 3026 2098 3066 erit
2117 3026 2208 3066 sive
2229 3026 2385 3066 Tacito
2404 3026 2546 3066 tribu-

549 3113 678 3143 amus
697 3101 787 3141 sive
809 3101 868 3139 M.
896 3099 1036 3139 Fabio
1061 3098 1340 3148 Quintiliano
1360 3099 1409 3138 ut
1429 3097 1538 3137 mihi
1558 3097 1662 3137 olim
1683 3097 1824 3136 visum
1845 3097 1917 3136 est.
1943 3107 2051 3136 nam
2072 3099 2118 3135 et
2137 3095 2276 3144 stylus
2297 3095 2389 3145 ipse
2407 3095 2546 3145 plane

548 3172 748 3222 yeminus
769 3174 813 3209 et
834 3169 906 3208 ille
929 3181 974 3209 se
997 3169 1048 3209 de
1069 3169 1214 3208 causis
1235 3169 1461 3217 corruptae
1483 3166 1749 3217 eloquentiae
1768 3165 1992 3216 scripsisse
2012 3164 2112 3215 plus
2131 3175 2223 3204 uno
2243 3163 2342 3204 1000
2356 3163 2542 3205 fatetur:

550 3252 682 3292 quem
702 3239 886 3279 titulum
907 3239 1036 3278 valde
1059 3238 1313 3289 appositum
1334 3237 1424 3277 scio
1445 3236 1549 3276 huic
1570 3238 1833 3286 argumento
1856 3265 1864 3274 .
1889 3266 1897 3274 .
1921 3265 1930 3274 .
1957 3235 2077 3274 aetas
2098 3237 2252 3274 tamen
2278 3233 2545 3285 Quintiliani

547 3309 698 3361 paullo
718 3309 930 3359 qrandior
950 3308 1086 3348 fuisse
1107 3308 1286 3347 videtur
1306 3318 1440 3357 quam
1460 3309 1513 3345 ut
1531 3305 1603 3344 hic
1624 3315 1769 3344 sermo
1789 3303 1968 3343 habitus
1987 3303 2046 3342 sit
2066 3302 2142 3342 illo
2163 3302 2335 3342 iuvene.
2384 3301 2542 3352 Itaque

549 3380 726 3431 ambigo
747 3384 792 3419 et
814 3391 916 3420 cum
937 3378 1080 3418 multa
1100 3376 1306 3426 dixerim,
1331 3375 1491 3416 claudo
1519 3378 1674 3415 tamen
1696 3373 1847 3413 omnia
1866 3377 1912 3412 et
1931 3372 2058 3424 signo
2077 3372 2161 3412 hoc
2181 3381 2407 3423 responso,
2431 3370 2543 3410 mihi

547 3462 636 3545 nm}
652 3450 876 3559 1712οΛ603011
905 3516 998 3556 find
1034 3519 1062 3539 ‘⁴
1080 3514 1328 3565 Quinctil.''
1364 3513 1507 3554 added
1538 3517 1585 3552 to
1614 3512 1690 3551 the
1720 3510 1817 3551 title
1848 3509 1895 3550 of
1929 3522 2011 3550 our
2040 3509 2221 3550 treatise
2253 3508 2299 3548 in
2330 3508 2406 3548 the
2437 3508 2534 3548 cod.

549 3587 912 3629 Vindobonensis
941 3586 1036 3636 351,
1060 3585 1143 3625 but
1170 3585 1231 3636 by
1253 3595 1280 3624 a
1309 3582 1518 3622 different
1546 3580 1668 3621 hand
1698 3580 1787 3620 and
1818 3579 1864 3619 in
1894 3578 2102 3618 different
2131 3578 2223 3618 ink.
2287 3577 2380 3617 The
2407 3587 2539 3617 name
