2716 3964
465 238 574 291 198
838 289 840 291 ,
1360 258 1565 302 ΝΟΤΕ8.

465 397 616 462 quasi
643 398 844 449 formae
870 399 1172 465 figuraeque
1199 401 1425 465 dicendi,
1454 404 1627 469 specie
1654 405 1906 470 dispareS,
1935 424 2123 471 genere
2147 410 2460 475 laudabileS,

463 499 569 532 non
595 500 746 548 posse
774 501 837 534 ea
861 501 992 550 quae
1020 486 1159 535 inter
1184 503 1239 536 se
1265 488 1582 553 discrepant,
1611 491 1808 541 eisdem
1838 495 2133 558 praeceptis
2171 501 2328 560 atque
2353 513 2463 547 una

463 568 801 617 institutione
839 568 1248 619 formari.—As
1285 571 1376 620 the
1415 572 1690 638 following
1723 575 1911 638 shows,
1928 579 2131 641 formas
2156 616 2166 626 .
2197 618 2207 629 .
2237 617 2247 628 .
2275 597 2460 642 qenera

463 654 603 703 refer
643 657 698 700 to
748 652 839 700 the
881 651 1091 701 various
1120 652 1322 718 'types'
1352 655 1410 703 of
1447 660 1672 722 oratory,
1711 659 1923 723 usually
1962 659 2178 710 divided
2216 661 2328 711 into
2366 663 2459 712 the

462 739 612 786 three
640 737 833 784 classes
860 735 918 784 of
941 736 1032 784 the
1059 736 1236 785 subtile
1264 739 1438 804 ἰσχνόν,
1467 727 1659 802 ῃνιῖπσῖθ
1696 741 1849 806 ἁδρόν,
1878 743 2102 791 medium
2127 745 2328 810 ἀνθηρόν
2366 746 2455 816 (cf.

465 822 686 885 Sandys’
716 825 837 868 note
862 824 918 869 to
946 819 1088 869 Orat.
1117 821 1164 882 5,
1193 821 1259 869 20
1300 822 1549 872 Causeret
1574 840 1622 887 p.
1653 825 1751 874 151
1780 826 1883 874 61111
1907 826 2222 888 Volkmann,
2249 828 2456 878 Rhetor.

463 922 510 969 p.
541 904 804 970 532-562)
834 903 1009 952 which
1047 903 1102 951 in
1138 904 1230 953 the
1266 905 1544 969 judgment
1580 908 1638 956 of
1673 908 1849 966 Quint.
1884 910 2034 978 (XII,
2069 910 2149 972 10,
2178 911 2267 976 66)
2296 912 2462 975 ought

461 994 516 1037 to
543 990 676 1038 have
702 989 836 1037 been
863 988 976 1036 still
1015 988 1225 1036 further
1252 989 1568 1038 subdivided
1596 1009 1606 1038 ε
1648 990 1749 1039 Sed
1785 1007 1954 1055 neque
1991 991 2075 1041 his
2112 993 2282 1042 tribus
2308 994 2460 1058 quasi

462 1073 647 1122 formis
675 1072 881 1121 inclusa
907 1072 1210 1135 eloquentia
1235 1077 1329 1120 est.
1360 1088 1482 1121 nam
1506 1078 1566 1122 ut
1599 1073 1739 1122 inter
1765 1074 1958 1137 gracile
1984 1075 2322 1140 validumque
2358 1082 2463 1126 ter-

461 1156 598 1204 tium
637 1155 841 1220 aliquid
883 1155 1232 1204 constitutum
1273 1160 1367 1216 est,
1396 1155 1473 1204 ita
1511 1157 1698 1204 horum
1736 1156 1875 1206 inter
1916 1174 1970 1206 se
2015 1158 2296 1208 intervalla
2334 1164 2460 1209 sunt

462 1244 619 1303 atque
664 1239 803 1287 inter
843 1239 971 1287 haec
1009 1238 1126 1302 ipsa
1174 1238 1402 1286 mixtum
1446 1239 1695 1303 quiddam
1739 1256 1804 1289 ex
1848 1241 2049 1290 duobus
2099 1242 2330 1291 medium
2377 1248 2464 1293 est

461 1339 654 1372 eorum.
701 1338 824 1371 nam
850 1326 903 1370 et
929 1321 1113 1370 subtili
1141 1321 1349 1385 plenius
1388 1322 1592 1386 aliquid
1617 1328 1775 1386 atque
1802 1324 2050 1373 subtilius
2077 1330 2131 1374 613
2157 1325 2458 1375 vehementi

461 1406 732 1455 remissius
769 1410 927 1469 atque
954 1404 1318 1453 vehementius
1345 1405 1629 1467 invenitur,
1655 1410 1715 1454 ut
1753 1406 1889 1455 illud
1924 1406 2042 1456 lene
2068 1412 2159 1456 aut
2185 1408 2463 1458 adscendit

461 1490 529 1538 ad
569 1489 792 1538 fortiora
831 1493 922 1537 aut
959 1489 1026 1536 ad
1049 1488 1293 1536 tenuiora
1329 1488 1628 1545 submittur.
1669 1505 1728 1538 ac
1763 1489 1837 1538 sic
1863 1506 2024 1554 prope
2050 1490 2461 1541 innumerabiles

462 1573 662 1637 species
690 1571 1025 1636 reperiuntur
1052 1587 1184 1635 quae
1209 1571 1393 1635 utique
1420 1571 1596 1636 aliquo
1623 1577 1887 1621 momento
1923 1572 2062 1622 inter
2101 1590 2155 1623 se
2193 1574 2458 1624 differant.

460 1657 759 1706 —Catoni2
797 1657 868 1703 M.
899 1655 1116 1702 Porcius
1158 1655 1280 1704 Cato
1320 1655 1598 1716 CensoriuS,
1626 1655 1756 1704 born
1782 1657 1883 1705 234
1912 1673 2051 1705 60118.
2076 1658 2175 1706 195
2197 1673 2333 1706 66118.
2357 1659 2461 1707 184

462 1740 584 1788 (11611
611 1741 728 1800 149,
747 1754 870 1799 was,
890 1738 1169 1801 according
1193 1742 1248 1786 130
1277 1738 1472 1799 Cicero,
1499 1739 1590 1787 the
1617 1738 1787 1787 oldest
1814 1739 2021 1788 Roman
2048 1745 2225 1789 orator
2252 1741 2462 1806 worthy

460 1823 551 1871 the
578 1839 744 1871 name.
810 1822 889 1871 Of.
919 1822 1066 1869 Brut.
1096 1821 1177 1882 16,
1207 1822 1270 1870 61
1309 1837 1404 1870 1166
1428 1837 1552 1869 vero
1577 1821 1742 1870 habeo
1769 1838 2082 1886 quemquam
2107 1823 2459 1887 antiquiorem

424 1941 426 1945 ,
461 1906 608 1954 cuius
664 1905 877 1969 quidem
929 1904 1128 1967 scripta
1170 1904 1487 1968 proferenda
1528 1909 1709 1968 putem
1757 1904 1862 1953 nisi
1907 1922 2063 1968 quem
2112 1906 2253 1969 Appi
2305 1907 2457 1957 Caeci

461 1990 628 2038 oratio
670 1989 798 2037 haec
837 1988 954 2052 ipsa
992 1988 1056 2036 de
1097 1988 1302 2051 Pyrrho
1344 1991 1397 2035 et
1433 1987 1718 2036 nonnullae
1762 1993 2085 2036 mortuorum
2127 1989 2460 2039 laudationes

462 2073 600 2121 forte
629 2072 896 2121 delectant
946 2072 1011 2120 17
1015 2108 1027 2133 ,
1057 2072 1122 2120 68
1161 2071 1429 2134 antiquior
1456 2075 1509 2119 et
1542 2071 1698 2120 huius
1727 2087 1896 2119 sermo
1934 2076 1987 2120 et
2014 2073 2270 2135 quaedam
2295 2072 2462 2122 horri-

462 2157 610 2205 diora
649 2156 842 2204 verba:
894 2154 971 2203 ita
1010 2154 1153 2202 enim
1191 2158 1305 2202 tum
1347 2154 1698 2218 loquebantur
1773 2155 1913 2204 Orat.
1958 2155 2041 2216 45,
2083 2155 2199 2216 152,
2241 2156 2359 2216 and,
2399 2155 2456 2204 in

462 2239 689 2302 general,
713 2238 918 2286 Teuffel
948 2240 971 2294 ξ
1000 2238 1099 2286 118
1127 2237 1180 2285 ff.
1203 2269 1273 2274 —
1289 2238 1419 2297 seni,
1451 2237 1576 2285 here
1602 2237 1732 2285 used
1758 2237 1811 2284 in
1839 2237 2107 2286 reference
2131 2241 2187 2286 to
2212 2238 2302 2286 the
2327 2238 2459 2288 time

462 2323 516 2370 in
543 2322 717 2370 which
742 2322 808 2369 he
833 2321 993 2382 lived,
1012 2325 1106 2368 not
1131 2324 1186 2368 to
1208 2320 1292 2369 his
1320 2320 1587 2368 advanced
1610 2336 1779 2384 years.
1846 2321 1913 2368 So
1934 2320 2195 2385 similarly
2221 2320 2232 2341 ‘
2249 2321 2455 2386 antiqui

462 2404 708 2455 Catonis’
748 2403 803 2451 in
830 2419 898 2452 an
924 2403 1160 2467 epigram
1186 2403 1327 2451 cited
1362 2403 1432 2467 by
1458 2403 1634 2460 Quint.
1665 2403 1804 2452 VIII
1830 2404 1878 2464 3,
1906 2404 1987 2452 29.
2064 2404 2174 2452 The
2201 2419 2461 2453 commen·

458 2493 625 2538 tators
653 2488 764 2537 also
790 2502 1030 2551 compare
1058 2486 1161 2536 Cic.
1184 2486 1333 2534 Brut.
1356 2486 1437 2546 10,
1456 2486 1523 2534 39
1550 2485 1743 2548 quoted
1762 2484 1818 2531 in
1837 2489 1960 2532 note
1981 2499 2021 2532 6.
2042 2484 2107 2533 16
2127 2491 2177 2532 17
2204 2484 2300 2533 111113
2324 2484 2465 2534 have

459 2571 774 2620 overlooked
802 2571 933 2619 Stat.
960 2569 1086 2617 Silv.
1110 2569 1189 2618 IV
1208 2569 1255 2629 9,
1274 2569 1340 2615 20
1366 2566 1520 2615 Bruti
1541 2566 1680 2614 senis
1703 2566 2042 2615 oscitationes
2069 2567 2121 2633 (†
2141 2568 2208 2616 37
2229 2582 2384 2631 years
2404 2566 2460 2616 of

459 2657 577 2723 age)
607 2656 635 2702 I
661 2656 708 2715 2,
731 2655 832 2702 253
860 2652 1212 2703 Callimachus
1241 2667 1278 2700 s.
1307 2651 1356 2701 V
1375 2652 1422 2711 3,
1446 2650 1543 2698 151
1566 2649 1825 2698 Ascraeus
1850 2649 2161 2714 Siculusque
2195 2650 2326 2699 Hor.
2351 2651 2462 2700 Sat.

460 2739 520 2786 II
547 2740 593 2800 1,
615 2739 682 2787 34
720 2739 815 2801 Ep.
846 2738 905 2785 II
932 2738 978 2799 1,
1001 2739 1080 2787 56.
1098 2738 1231 2788 ——G.
1258 2736 1547 2787 Gracchus:
1592 2735 1642 2784 C.
1669 2735 1996 2799 Sempronius
2027 2736 2300 2797 Gracchus,
2328 2735 2461 2784 born

463 2823 561 2870 154
565 2822 629 2888 s3
655 2821 774 2870 trib.
799 2821 935 2885 pleb.
960 2821 1214 2881 123-121,
1243 2820 1299 2868 in
1322 2819 1497 2868 which
1521 2818 1682 2867 latter
1706 2835 1832 2883 year
1856 2818 1923 2867 he
1950 2835 2056 2868 was
2085 2819 2461 2868 assassinated.

463 2905 543 2954 On
562 2905 646 2953 his
668 2905 965 2967 eloquence,
987 2904 1054 2952 cf.
1075 2904 1179 2953 Cic.
1200 2904 1349 2952 Brut.
1369 2902 1451 2963 33,
1471 2901 1571 2949 125
1591 2900 1645 2949 ff.
1667 2900 1826 2950 Noli.
1851 2938 1861 2950 .
1887 2940 1898 2952 .
1920 2905 2105 2965 putare
2126 2915 2461 2965 quemquam,

464 2989 641 3047 Brute,
661 2986 946 3049 pleniorem
977 2988 1067 3032 aut
1104 2984 1379 3031 uberiorem
1417 2982 1483 3030 ad
1521 2982 1800 3030 dicendum
1838 2981 2005 3030 fuisse
2033 3019 2043 3030 .
2073 3020 2083 3030 .
2113 3019 2124 3030 .
2153 2981 2462 3045 eloquentia

463 3070 676 3134 quidem
712 3067 888 3116 nescio
915 3083 981 3115 an
1019 3066 1292 3115 habuisset
1329 3081 1507 3129 parem
1545 3064 1822 3112 neminem.
1901 3065 2128 3114 Grandis
2156 3069 2238 3113 est
2263 3064 2453 3126 verbis,

463 3152 672 3216 sapiens
700 3150 995 3210 sententiis,
1025 3165 1212 3212 genere
1239 3153 1351 3197 toto
1387 3147 1559 3211 gravis
1587 3165 1596 3195 :
1636 3163 1820 3195 manus
1848 3152 2083 3195 extrema
2106 3163 2211 3196 non
2236 3147 2461 3196 accessit

463 3235 707 3300 operibus
730 3233 864 3295 eius3
892 3232 1157 3296 praeclare
1178 3231 1426 3279 incohata
1445 3230 1626 3291 multa,
1646 3229 1887 3293 perfecta
1902 3246 2007 3278 non
2024 3230 2193 3294 plane.
2237 3229 2376 3279 Plut.
2398 3230 2452 3280 C.

464 3318 680 3369 Graceh.
709 3318 740 3366 3
768 3319 941 3382 ἰσχύων
964 3319 1032 3380 τῷ
1056 3316 1213 3380 λέγειν
1238 3313 1296 3366 ὦς
1322 3316 1469 3366 ἄλλος
1496 3314 1657 3364 οὗδείς.
1711 3313 1802 3376 Cp.
1827 3313 2029 3361 Teuffel
2053 3315 2076 3369 ξ
2099 3313 2215 3374 135,
2238 3314 2270 3360 4
2291 3312 2328 3361 f.
2352 3312 2461 3361 and

465 3406 585 3450 note
613 3417 653 3450 c.
682 3401 748 3449 26
779 3408 818 3447 2.
838 3399 1105 3461 —plenus
1131 3398 1235 3446 and
1260 3399 1381 3445 uber
1405 3396 1515 3445 also
1536 3395 1809 3445 combined
1836 3396 1892 3443 in
1919 3397 2035 3445 Tac.
2064 3395 2202 3444 Ann.
2231 3395 2346 3444 XII
2372 3395 2455 3444 60.

532 3484 597 3532 10
637 3485 873 3533 Crassus:
915 3482 973 3529 L.
1003 3481 1238 3528 Licinius
1272 3481 1497 3539 CrassuS,
1525 3478 1656 3527 born
1684 3494 1729 3526 B.
1752 3495 1793 3526 6.
1824 3479 1923 3527 119
1962 3494 2099 3527 60118.
2130 3479 2196 3527 95
2223 3492 2359 3527 cens.
2388 3478 2454 3526 92

462 3566 587 3615 died
623 3567 704 3626 91,
745 3581 842 3614 one
880 3564 937 3612 of
972 3564 1062 3612 the
1101 3559 1361 3626 principal
1399 3561 1767 3610 interlocutors
1807 3561 1860 3608 in
1898 3562 1987 3609 the
2026 3563 2104 3609 De
2138 3561 2369 3620 Oratore,
2399 3559 2459 3606 in
