2716 3964
606 251 852 303 lxxxviii
1367 264 1840 307 PROLEGOMENA.

607 409 713 456 and
736 408 807 472 by
827 408 1098 471 investing
1121 407 1205 457 his
1232 409 1484 457 dramatis
1505 424 1759 473 personae
1779 409 1910 458 with
1932 410 2024 459 the
2049 410 2305 474 requisite
2330 410 2605 461 historical

606 491 854 554 coloring.
931 491 1042 539 The
1079 491 1264 539 letters
1304 491 1361 539 of
1398 491 1579 541 Cicero
1616 508 1736 556 may
1761 493 1825 541 be
1860 493 2001 541 cited
2026 508 2082 541 as
2109 493 2409 558 accurately
2434 510 2605 558 repre-

606 575 819 637 senting
861 574 944 622 his
989 590 1106 623 own
1146 575 1362 622 method
1404 575 1462 623 of
1502 575 1787 638 proce‘dure
1831 591 1898 624 no
1940 575 2046 624 less
2085 576 2217 624 than
2255 576 2373 626 that
2411 577 2470 625 of
2511 577 2602 626 the

605 658 843 706 ancients
882 658 939 705 in
977 656 1262 720 general.¹⁷⁸

676 741 753 809 (2)
793 741 903 789 The
931 740 1138 789 artistic
1171 744 1432 789 structure
1453 741 1576 803 ‚pand
1609 741 1764 806 unity
1790 741 1848 790 of
1883 741 2009 806 plan
2045 741 2220 790 which
2255 758 2351 790 our
2386 743 2604 793 treatise

604 824 805 872 reveals
846 826 891 872 is
933 825 989 872 in
1032 824 1183 872 itself
1222 823 1482 872 sufficient
1525 829 1579 872 to
1609 825 1795 872 ‘restite
1838 825 1929 873 the
1974 824 2308 888 supposition
2348 826 2468 875 that
2509 827 2603 876 the

604 907 790 956 debate
842 912 1142 971 represents
1194 922 1261 955 an
1311 911 1551 955 accurate
1601 908 1705 955 and
1753 907 1977 956 faithful
2027 909 2398 972 reproduction
2441 910 2499 958 of
2536 926 2605 959 an

603 991 853 1054 informal
877 992 982 1039 and
1011 991 1315 1053 improvised
1340 990 1634 1038 discussion
1659 991 1897 1039 between
1922 991 2166 1040 intimate
2192 991 2469 1041 friends.¹⁷⁹

676 1075 752 1143 (3)
795 1074 905 1122 The
950 1074 1207 1137 language
1251 1078 1348 1137 put
1391 1074 1504 1122 into
1545 1074 1635 1122 the
1674 1074 1884 1122 mouths
1922 1075 1979 1123 of
2020 1075 2112 1123 the
2150 1075 2519 1124 interlocutors
2557 1076 2603 1125 is

600 1157 998 1221 unmistakably
1034 1157 1332 1206 Ciceronian
1356 1157 1414 1204 in
1438 1156 1667 1219 thought
1692 1157 1797 1205 and
1822 1157 2185 1221 phraseology.

672 1242 749 1309 (4)
789 1241 855 1288 In
880 1241 972 1289 the
1001 1245 1263 1289 structure
1295 1239 1352 1288 of
1387 1239 1478 1288 the
1516 1239 1772 1303 Dialogus
1809 1240 1901 1288 the
1939 1241 2130 1289 author
2166 1240 2262 1289 has
2299 1242 2605 1307 repeatedly

600 1325 966 1387 appropriated
990 1324 1245 1372 dramatic
1272 1323 1480 1372 devices
1507 1323 1611 1372 and
1636 1323 1860 1372 motives
1888 1323 2027 1372 from
2055 1324 2265 1374 Cicero:

672 1477 725 1505 1⁷⁸
748 1477 826 1528 Cp.
848 1489 936 1528 esp.
958 1477 1034 1517 the
1054 1477 1316 1527 dedicatory
1337 1475 1493 1527 epistle
1515 1480 1561 1517 to
1582 1477 1728 1517 Varro
1752 1477 1828 1529 (ad
1849 1476 1955 1518 fam.
1976 1477 2042 1517 IX
2064 1478 2126 1531 8):
2158 1477 2263 1517 Feci
2284 1477 2420 1529 igitur
2439 1489 2605 1519 sermo-

596 1558 701 1587 nem
724 1547 823 1600 (viZ.
843 1547 985 1587 Acad.
1005 1548 1147 1600 Post.)
1170 1547 1288 1586 inter
1307 1557 1390 1586 nos
1410 1546 1613 1586 habitum
1635 1541 1681 1586 in
1704 1546 1923 1595 Cumano,
1941 1558 2043 1587 cum
2066 1552 2180 1586 esset
2199 1558 2292 1587 una
2311 1548 2596 1598 Pomponius.

597 1617 698 1657 Tibi
726 1616 830 1656 dedi
861 1621 1011 1667 partes
1039 1616 1341 1656 Antiochinas
1370 1626 1481 1666 quas
1511 1626 1538 1655 a
1567 1617 1608 1655 te
1630 1615 1812 1665 probari
1846 1616 2104 1657 intellexisse
2133 1616 2242 1656 mihi
2272 1615 2456 1666 videbar,
2491 1617 2603 1657 mihi

595 1687 764 1737 sumpsi
786 1686 998 1726 Philonis.
1060 1687 1176 1726 Puto
1197 1685 1293 1725 fore
1314 1690 1379 1734 ut,
1404 1697 1506 1725 cum
1529 1684 1699 1736 legeris,
1726 1685 1886 1725 mirere
1908 1696 1990 1725 nos
2011 1685 2055 1725 id
2077 1685 2248 1726 locutos
2269 1697 2362 1726 esse
2383 1687 2501 1726 inter
2520 1698 2602 1727 nos

596 1756 714 1806 quod
736 1767 974 1806 numquam
999 1755 1130 1795 locuti
1151 1766 1302 1795 sumus
1321 1754 1400 1794 sed
1427 1767 1557 1794 Nosrx
1590 1766 1756 1794 MOREM
1789 1766 2094 1795 niALoeonum
2145 1755 2202 1795 ad
2229 1755 2324 1795 Att.
2352 1755 2466 1795 XIII
2489 1755 2554 1806 19,
2573 1755 2600 1796 3

594 1827 657 1866 sic
687 1826 806 1865 enim
837 1825 1159 1866 constitueram
1194 1825 1409 1865 neminem
1440 1824 1658 1864 includere
1689 1824 1737 1864 in
1766 1823 1962 1874 dlaloyos
1983 1835 2129 1864 eorum
2150 1824 2226 1875 qui
2249 1825 2464 1865 viverent.
2489 1855 2500 1864 .
2527 1855 2538 1866 .
2562 1826 2600 1865 si

595 1895 775 1936 Cottam
806 1900 851 1935 et
880 1897 1131 1936 Varronem
1167 1894 1369 1934 fecissem
1403 1895 1522 1933 inter
1551 1904 1597 1933 se
1628 1893 1909 1944 disputantes
1930 1924 1939 1934 .
1968 1925 1977 1934 .
2004 1924 2013 1933 .
2040 1904 2190 1933 meum
2221 1895 2354 1943 κωφὸν
2387 1894 2602 1944 πρόσωπον

593 1971 719 2005 esset.
782 1966 866 2005 hoc
897 1966 944 2004 in
976 1965 1173 2016 antiquis
1206 1964 1406 2004 suaviter
1435 1962 1487 2003 fit
1515 1967 1567 2002 ut
1596 1967 1642 2002 et
1674 1962 1958 2003 Heracleides
1988 1963 2034 2002 in
2064 1963 2217 2003 multis
2247 1967 2292 2003 et
2322 1974 2405 2003 nos
2434 1974 2514 2004 sex
2543 1963 2600 2004 de

591 2035 820 2086 republica
848 2035 973 2075 libris
1003 2035 1192 2075 fecimus
1214 2063 1223 2073 .
1252 2065 1262 2075 .
1292 2064 1301 2073 .
1327 2037 1434 2073 sunt
1454 2033 1591 2073 etiam
1612 2032 1667 2072 de
1689 2036 1866 2072 oratore
1887 2033 2030 2073 nostri
2050 2036 2141 2072 tres
2162 2063 2171 2072 .
2199 2063 2208 2072 .
2235 2064 2245 2074 .
2265 2043 2403 2082 puero
2432 2044 2499 2074 me
2527 2033 2600 2075 hio

590 2116 737 2145 sermo
758 2105 987 2145 inducitur
1007 2109 1059 2144 ut
1079 2103 1228 2144 nullae
1250 2115 1344 2143 esse
1369 2107 1551 2154 possent
1571 2107 1721 2153 partes
1741 2113 1866 2142 meae
1889 2132 1898 2142 .
1922 2133 1931 2142 .
1954 2133 1963 2142 .
1985 2102 2094 2142 haec
2115 2102 2402 2152 Academica,
2425 2107 2477 2142 ut
2495 2103 2595 2154 scis,

591 2187 693 2215 cum
727 2174 901 2223 Catulo,
937 2173 1123 2214 Lucullo
1159 2174 1399 2214 Hortensio
1439 2172 1730 2213 contuleram.
1796 2172 1912 2212 Sane
1942 2173 1990 2212 in
2015 2182 2228 2221 personas
2257 2183 2345 2212 non
2373 2172 2594 2223 cadebant,

590 2249 719 2285 erant
751 2247 870 2285 enim
903 2247 1150 2295 λογικώτερα
1184 2256 1318 2296 quam
1352 2248 1404 2284 ut
1435 2243 1500 2283 illi
1531 2243 1587 2283 de
1622 2245 1677 2283 iis
1707 2243 1951 2283 somniasse
1983 2254 2198 2293 umquam
2231 2242 2489 2283 viderentur
2509 2274 2518 2284 .
2546 2274 2555 2284 .
2582 2273 2592 2285 .

590 2326 778 2354 acumen
810 2316 977 2355 habent
1007 2315 1235 2364 Antiochi,
1271 2327 1476 2355 mronEM
1514 2326 1759 2355 onAr1oN1s
1790 2327 2017 2354 NOSTRUM.
2082 2313 2140 2353 ad
2170 2313 2321 2363 Quint.
2347 2312 2450 2354 frat.
2477 2313 2549 2352 III
2572 2313 2598 2354 5

593 2386 880 2436 (concerning
900 2385 975 2425 the
991 2385 1096 2436 plan
1113 2384 1161 2425 of
1180 2385 1255 2424 the
1273 2385 1328 2425 de
1348 2385 1609 2438 republica),
1631 2386 1688 2426 ad
1709 2386 1814 2426 fam.
1836 2385 1857 2424 1
1880 2385 1921 2434 9,
1938 2384 1992 2424 23
2012 2384 2168 2435 scripsi
2188 2383 2324 2435 igitur
2341 2382 2598 2423 Aristotelio

590 2466 706 2495 more
737 2455 1115 2505 quemadmodum
1149 2455 1330 2506 quidem
1369 2455 1504 2505 volui,
1540 2459 1631 2495 tres
1667 2456 1804 2496 libros
1835 2455 1882 2495 in
1916 2454 2218 2507 disputatione
2250 2465 2302 2494 ac
2333 2452 2510 2505 dialogo
2541 2453 2597 2493 de

589 2529 778 2564 oratore.
843 2524 922 2565 See
953 2524 1046 2565 also
1075 2525 1151 2565 the
1182 2525 1487 2566 introduction
1521 2527 1568 2567 of
1597 2527 1672 2567 the
1700 2527 1755 2567 de
1778 2532 1953 2567 oratore
1974 2526 2063 2567 and
2087 2526 2134 2567 of
2153 2525 2228 2566 the
2250 2523 2428 2565 Laelius
2450 2524 2508 2576 (1,
2531 2523 2596 2578 4):

590 2594 807 2635 Catonem
829 2595 985 2634 induxi
1006 2607 1157 2636 senem
1179 2597 1483 2648 disputantem
1514 2598 1619 2649 quia
1641 2599 1765 2638 nulla
1788 2598 2009 2639 videbatur
2030 2598 2174 2648 aptior
2196 2606 2386 2647 persona
2407 2605 2521 2646 quae
2541 2593 2596 2634 de

589 2663 665 2704 illa
684 2668 830 2704 aetate
852 2664 1108 2716 loqueretur
1130 2697 1139 2706 .
1168 2697 1177 2706 .
1206 2698 1214 2706 .
1246 2667 1400 2708 idonea
1425 2668 1535 2707 mihi
1558 2668 1680 2708 Laeli
1701 2680 1892 2719 persona
1913 2668 2008 2708 visa
2028 2671 2097 2708 est
2117 2678 2230 2718 quae
2250 2666 2306 2706 de
2327 2664 2524 2706 amicitia
2542 2674 2598 2704 ea

589 2734 684 2784 ipsa
717 2733 963 2775 dissereret.
1033 2735 1179 2777 Genus
1222 2739 1366 2778 aulem
1401 2738 1476 2778 hoc
1518 2750 1764 2780 sermonum
1804 2739 1999 2791 positum
2041 2738 2087 2778 in
2125 2737 2359 2778 hominum
2393 2739 2596 2776 veterum

588 2804 855 2844 auctoritate
890 2809 935 2844 et
966 2816 1121 2845 eorum
1164 2806 1404 2847 illustrium
1439 2808 1539 2859 plus
1574 2809 1723 2849 nescio
1759 2820 1846 2860 quo
1880 2812 2013 2860 pacto
2047 2807 2225 2848 videtur
2256 2806 2421 2846 habere
2454 2804 2598 2857 gravi-

587 2873 706 2914 tatis.

662 2942 715 2970 1⁷⁹
735 2942 813 2994 Cp.
839 2944 914 2983 the
944 2945 1151 2995 previous
1182 2947 1367 3000 chapter
1399 2951 1486 2991 and
1518 2952 1594 2992 the
1628 2953 1689 2992 set
1720 2951 1930 3002 speeches
1958 2950 2233 3002 throughout
2255 2948 2331 2988 the
2358 2946 2592 2999 Dialogue,

587 3012 696 3052 with
726 3013 842 3053 their
871 3014 1040 3054 careful
1072 3026 1436 3061 announcement
1478 3022 1566 3063 and
1597 3023 1870 3074 Subsequent
1899 3020 2240 3072 recapitulation
2271 3018 2319 3059 of
2347 3018 2424 3058 the
2453 3017 2597 3069 topics

587 3082 828 3130 discussed,
854 3096 903 3125 as
932 3086 1030 3126 well
1062 3099 1111 3128 as
1147 3091 1222 3131 the
1251 3091 1476 3132 elaborate
1502 3093 1782 3143 peroratione
1805 3091 1858 3143 (c.
1886 3091 2022 3132 515f.
2052 3091 2102 3131 16
2125 3098 2165 3130 16
2195 3090 2244 3130 17
2262 3097 2279 3128 1
2310 3090 2394 3129 221
2427 3089 2481 3129 23
2502 3093 2591 3130 ext.

587 3152 641 3191 25
658 3159 674 3190 1
706 3153 759 3192 28
774 3161 795 3192 5
812 3153 840 3193 f.
858 3161 893 3192 11
927 3155 979 3195 32
1002 3162 1091 3198 ext.
1118 3159 1171 3199 33
1187 3168 1208 3200 3
1233 3160 1276 3201 ff.
1299 3169 1337 3201 14
1355 3161 1384 3202 f.
1411 3162 1464 3202 34
1483 3169 1496 3200 1
1517 3161 1561 3203 ff.
1577 3169 1619 3202 26
1635 3161 1665 3202 f.
1693 3162 1746 3202 38
1764 3163 1814 3214 1).
1859 3162 1953 3201 The
1975 3160 2204 3211 following
2225 3158 2504 3210 expressions
2519 3168 2595 3198 are

588 3220 681 3262 also
703 3227 781 3262 out
801 3223 848 3263 of
869 3224 993 3275 place
1017 3227 1061 3267 in
1084 3241 1141 3269 an
1164 3231 1437 3282 impromptu
1455 3231 1764 3272 conversation
1784 3246 1793 3271 :
1825 3242 1861 3270 c.
1882 3230 1931 3270 14
1950 3237 1990 3270 19
2011 3229 2380 3270 iucundissimum
2403 3226 2596 3268 oblecta-
2667 3251 2671 3254 -

588 3298 790 3334 mentum
813 3308 913 3337 cum
938 3300 1062 3340 vobis
1089 3301 1163 3351 qui
1194 3301 1278 3341 ista
1310 3301 1548 3352 disputatis
1579 3300 1803 3348 adferunt,
1829 3304 1925 3339 tum
1949 3299 2083 3339 etiam
2107 3300 2163 3339 iis
2185 3298 2243 3339 ad
2262 3309 2446 3349 quornm
2467 3306 2596 3337 aures

583 3367 855 3412 pervenerint
908 3370 959 3409 27
980 3377 1000 3408 8
1021 3381 1101 3409 nec
1123 3382 1200 3410 vos
1225 3370 1391 3410 offendi
1420 3371 1596 3411 decebit
1622 3371 1657 3411 si
1684 3370 1788 3421 quid
1821 3369 1936 3410 forte
1968 3380 2098 3409 aures
2128 3372 2297 3408 vestras
2326 3367 2596 3419 perstringat

589 3444 690 3473 cum
721 3437 872 3476 sciatis
910 3437 1021 3478 hanc
1051 3450 1140 3479 esse
1170 3441 1262 3479 elus
1290 3440 1404 3480 modi
1429 3451 1671 3480 sermonum
1698 3440 1827 3490 leqem
1850 3439 2062 3478 iudicium
2087 3437 2225 3478 animi
2246 3436 2359 3477 citra
2377 3435 2594 3476 damnum

589 3504 793 3546 adfectus
819 3506 1018 3557 proferre
1043 3507 1133 3560 (see
1154 3508 1294 3549 above
1314 3513 1324 3532 ⁴
1338 3509 1456 3549 nosti
1477 3520 1646 3549 morem
1667 3507 1945 3560 dialogorum
1959 3508 1992 3561 ')
2024 3506 2077 3547 32
2097 3513 2140 3547 32
2160 3517 2271 3558 quos
2288 3504 2327 3546 si
2346 3504 2463 3546 forte
2483 3504 2594 3545 haec

588 3574 826 3616 audierint.
