2716 3964
1346 273 1819 328 PROLEGOMENA.

639 420 745 472 quia
773 419 974 460 deforme
1010 422 1144 469 atque
1174 417 1333 459 servile
1363 421 1430 458 est
1451 448 1462 458 .
1489 448 1499 458 .
1526 448 1536 458 .

638 489 815 540 deinde,
850 489 984 540 quod,
1017 489 1055 528 si
1086 488 1160 528 cui
1189 491 1285 528 tam
1317 491 1386 527 est
1417 499 1544 528 mens

637 559 865 601 illiberalis
885 562 936 598 ut
957 558 1267 609 obiurgatione
1287 569 1381 597 non
1408 559 1543 599 corri-

636 637 780 685 gatur,
805 631 842 670 is
872 629 1008 668 etiam
1038 627 1096 668 ad
1125 628 1279 679 plagas
1300 659 1311 670 .
1337 660 1346 669 .
1374 659 1383 669 .
1409 630 1542 670 dura-

635 703 759 743 bitur
789 734 797 742 .
826 733 835 742 .
864 733 872 742 .
909 701 1024 741 adde
1065 701 1185 752 quod
1223 700 1367 741 multa
1405 712 1542 752 vapu-

634 772 832 813 lantibus
885 773 1010 813 dictu
1062 772 1285 813 deformia
1337 774 1382 812 et
1434 783 1542 812 mox

635 843 930 883 verecundiae
960 843 1116 883 futura
1142 853 1274 893 saepe
1298 841 1451 882 dolore
1471 836 1574 881 vel*-

634 916 761 952 metu
790 913 1066 961 acciderunt,
1094 912 1170 963 qui
1198 911 1344 962 pudor
1372 910 1541 962 frangit

1682 414 1778 468 μηδ’
1799 420 2005 468 αἰκισμοῖς.
2050 414 2134 458 ’Ea
2152 420 2235 470 ’γάρ
2254 434 2332 459 που
2350 421 2482 461 ταῦτα
2501 422 2584 463 τοῖς

1684 490 1832 528 δούλοις
1860 490 2019 536 μᾶλλον
2036 484 2062 536 ἣ
2082 489 2165 528 τοῖς
2185 489 2397 539 ἐλευθέροις
2417 490 2584 540 πρέπειν

1683 589 1694 600 .
1721 589 1730 598 .
1753 589 1763 599 .
1790 559 2046 608 ἀποναρκῶσι
2065 558 2148 607 ’γὰρ
2168 559 2233 597 καὶ
2254 543 2468 608 φρίττουσι
2486 559 2583 610 πρὸς

1682 631 1769 670 τοὺς
1798 630 1951 680 πόνους,
1975 631 2030 669 τὰ
2058 631 2133 678 μὲν
2163 631 2229 669 διὰ
2256 631 2330 670 τὰς
2355 631 2583 680 ἀλγηδόνας

1680 704 1765 742 τῶν
1783 705 1970 752 πληγῶν,
1995 705 2050 743 τὰ
2077 705 2120 743 δὲ
2151 705 2216 743 καὶ
2243 705 2309 744 διὰ
2334 706 2408 746 τὰς
2437 697 2575 756 ὕβρεις.

1679 771 1832 813 ἔπαινοι
1860 775 1903 813 δέ
1932 789 1997 813 και
2022 773 2143 825 ψόγοι
2172 776 2306 824 πάσης
2330 777 2431 815 εἰσὶν
2452 776 2581 817 αἰκίας

1683 837 1979 893 ὠφελιμώτεροι
1997 844 2080 883 τοῖς
2099 845 2310 895 ἐλευθέροις
2329 847 2412 885 eto.

635 982 837 1022 animum
850 981 903 1008 ¹⁹⁹

648 1078 756 1127 But
781 1078 827 1125 if
852 1077 1150 1135 Quintilian
1175 1077 1282 1126 and
1306 1077 1391 1125 Ps.
1420 1077 1677 1126 Plutarch
1702 1078 1844 1126 drew
1869 1078 2007 1126 from
2032 1078 2123 1127 the
2150 1095 2292 1128 same
2317 1079 2577 1143 fountain,

578 1160 624 1210 it
661 1161 870 1209 follows
909 1161 1028 1209 that
1071 1160 1222 1208 other
1266 1159 1499 1222 striking
1536 1160 1889 1224 parallelisms
1930 1161 2169 1210 between
2205 1161 2367 1224 them,
2405 1162 2579 1212 where

578 1244 891 1306 Quintilian,
919 1244 1177 1304 however,
1205 1243 1331 1292 faiis
1365 1247 1421 1291 to
1459 1243 1827 1306 acknowledge
1864 1243 1947 1292 his
1987 1243 2154 1292 direct
2191 1244 2579 1308 indebtedneSS,

578 1343 676 1376 can
701 1327 828 1392 only
851 1328 916 1376 be
943 1327 1226 1390 explained
1251 1342 1319 1375 on
1343 1326 1435 1375 the
1463 1342 1604 1375 same
1631 1326 1990 1390 assumption:

579 1439 731 1490 Quint.
758 1439 781 1479 Ι
811 1440 850 1489 1,
874 1440 899 1478 2
921 1438 953 1479 f.
989 1441 1189 1490 praestat
1219 1468 1228 1478 .
1266 1469 1275 1478 .
1313 1468 1322 1478 .
1358 1437 1538 1489 ingenio

634 1509 747 1549 alius
770 1508 908 1549 alium
930 1539 940 1549 .
967 1538 976 1548 .
1005 1539 1014 1549 .
1039 1519 1173 1547 nemo
1202 1507 1437 1558 reperitur,
1462 1507 1539 1558 qui

631 1579 691 1619 sit
709 1578 859 1619 studio
879 1577 991 1617 nihil
1012 1580 1290 1618 consecutus.

1623 1449 1660 1478 c.
1685 1438 1712 1477 4
1742 1441 1776 1477 εί
1798 1440 1840 1478 δέ
1859 1453 1918 1478 τις
1937 1440 2075 1489 οἴεται,
2099 1439 2188 1479 τούς
2207 1441 2276 1479 οὐκ
2294 1441 2335 1479 εὖ
2354 1439 2582 1489 πεφυκότας

1678 1509 1884 1557 μαθήσεως
1918 1509 1984 1547 καὶ
2017 1509 2188 1557 μελέτης
2226 1508 2428 1559 τυχόντας
2464 1510 2580 1560 ὀρθῆς

1678 1578 1773 1628 πρὸς
1794 1578 1942 1628 ἀρετὴν
1961 1578 2029 1616 οὐκ
2049 1578 2098 1616 ἂν
2112 1579 2190 1626 τὴν
2205 1579 2278 1627 τῆς
2293 1579 2444 1627 φύσεως
2459 1579 2580 1618 ἐλάτ-

1679 1662 1804 1686 τωσιν
1822 1649 1874 1687 είς
1890 1647 2199 1697 τούνδεχόμενον
2212 1649 2462 1699 ἀναδραμεῖν,
2478 1649 2580 1688 ἵστω

1679 1718 1834 1756 πολλοῦ
1854 1747 1863 1756 .
1891 1747 1900 1757 .
1929 1746 1938 1757 .
1966 1718 2255 1767 διαμαρτάνων.

578 1817 603 1858 Ι
631 1818 670 1867 1,
695 1817 720 1857 8
751 1816 806 1856 de
836 1815 986 1866 pueris
1014 1825 1120 1854 vero
1151 1845 1160 1854 .
1188 1844 1198 1855 .
1226 1844 1236 1854 .
1269 1813 1389 1853 idem
1419 1813 1540 1864 quod
1624 1825 1660 1854 c.
1688 1813 1710 1854 7
1732 1815 1779 1853 τὸ
1807 1816 1850 1853 δὲ
1871 1815 2037 1854 πάντων
2055 1815 2250 1863 μέγιστον
2269 1844 2279 1855 .
2306 1845 2316 1855 .
2343 1845 2354 1856 .
2377 1816 2461 1854 τῶν
2479 1817 2583 1866 εἰρη-

633 1887 688 1926 de
708 1885 960 1925 nutricibus
981 1884 1152 1924 dictum
1172 1883 1254 1924 sit:
1291 1883 1346 1923 de
1375 1883 1541 1934 paeda-
1679 1885 1807 1932 μένων
1843 1883 2014 1934 ἔρχομαι
2053 1886 2234 1935 φράσων.
2320 1885 2582 1926 διδασκάλους

567 1953 570 1957 ¹
633 1957 756 2008 gogis
775 1957 859 1996 hoc
882 1955 1073 2006 amplius
1093 1958 1144 1994 ut
1165 1957 1243 1994 aut
1262 1954 1354 1993 Sint
1375 1953 1541 1993 eruditi
1679 1955 1760 2004 ’γὰρ
1800 1955 1996 2003 ζητητέον
2029 1955 2111 1994 τοῖς
2145 1955 2293 1994 τέκνοις
2325 1953 2363 1993 οἳ
2396 1955 2462 1993 καὶ
2499 1955 2582 1994 τοῖς

633 2026 780 2078 plane,
825 2037 960 2077 quam
1008 2025 1201 2076 primam
1251 2034 1345 2064 esse
1385 2034 1540 2063 curam
1679 2024 1777 2073 βίοις
1806 2025 1907 2063 εἰσὶν
1934 2024 2174 2073 ἀδιάβλητοι
2194 2053 2203 2064 .
2232 2053 2242 2064 .
2269 2053 2279 2064 .
2304 2024 2370 2063 καὶ
2398 2024 2487 2063 ταῖς
2515 2024 2583 2072 ἐμι-

633 2097 781 2146 velim,
833 2099 912 2136 aut
959 2106 1006 2135 se
1054 2106 1147 2134 non
1196 2104 1290 2133 esse
1339 2092 1540 2132 eruditos
1680 2094 1844 2143 πειρίαις
1874 2094 2042 2143 ἄριστοι.

634 2166 779 2206 sciant

580 2265 604 2305 Ι
634 2265 672 2314 1,
697 2264 722 2303 6
753 2264 800 2303 in
828 2262 1090 2314 parentibus
1115 2273 1222 2302 vero
1248 2272 1383 2311 quam
1403 2260 1541 2311 pluri·
1623 2259 1730 2300 ibid.
1755 2261 1819 2299 νῦν
1840 2260 1883 2298 δέ
1901 2274 1960 2300 τις
1981 2261 2046 2298 καὶ
2067 2259 2337 2298 καταπτύσειε
2355 2260 2439 2298 τῶν
2449 2232 2583 2299 ’πατέ-

635 2345 760 2374 mum
781 2344 876 2373 esse
896 2331 1161 2372 eruditionis
1181 2330 1429 2382 optaverim
1679 2344 1759 2380 ρων
1789 2330 1917 2379 ἐνίων,
1952 2331 2091 2368 οἵτινες
2125 2330 2219 2379 πρὶν
2250 2329 2462 2377 δοκιμάσαι
2493 2328 2583 2368 τοὺς

1679 2399 1903 2447 μέλλοντας
1943 2399 2142 2438 διδάσκειν
2182 2393 2234 2438 δι’
2272 2399 2452 2448 ἄγνοιαν,
2491 2392 2578 2438 ἐσθ’

1680 2469 1748 2507 ὅτε
1772 2470 1837 2507 καὶ
1868 2463 1919 2507 δι’
1945 2469 2129 2518 ἀπειρίαν
2148 2468 2367 2518 ἀνθρώποις
2388 2468 2583 2516 ἀδοκίμοις
2614 2462 2629 2477 ⁶

1681 2568 1691 2578 .
1718 2568 1728 2578 .
1756 2567 1765 2577 .
1792 2538 2057 2588 ἐγχειρίζουσι
2077 2537 2166 2577 τοὺς
2185 2538 2333 2577 παῖδας
2353 2540 2436 2577 etc.

654 2639 708 2667 199
729 2638 1019 2690 Chrysippus'
1056 2639 1155 2688 Περὶ
1187 2638 1343 2677 παίδων
1375 2638 1542 2685 ἀγωγῆς
1573 2635 1611 2675 is
1643 2634 1810 2686 quoted
1843 2634 1905 2685 by
1938 2633 2188 2684 Quintilian
2219 2633 2267 2673 in
2297 2633 2423 2674 three
2455 2633 2585 2674 other

579 2721 801 2762 passages,
826 2713 873 2748 to
893 2707 1041 2748 which
1059 2707 1186 2747 there
1207 2718 1283 2747 are
1303 2718 1362 2746 no
1383 2704 1558 2756 strictly
1579 2704 1824 2756 analogous
1852 2703 2146 2754 parallelisms
2175 2703 2223 2742 in
2248 2703 2319 2743 Ps.
2346 2702 2582 2743 Plutarch=

581 2780 604 2819 I
634 2780 672 2829 1,
699 2779 750 2818 16
780 2778 858 2818 sed
889 2777 965 2818 alii
995 2788 1171 2828 quoque
1202 2779 1421 2824 auctores,
1447 2774 1565 2814 inter
1594 2785 1705 2825 quos
1735 2773 2068 2822 Eratosthenes,
2093 2771 2213 2812 idem
2241 2775 2580 2823 praeceperunt,

580 2849 740 2889 melius
771 2851 923 2888 autem
953 2846 1031 2898 qui
1059 2845 1233 2886 nullum
1264 2849 1442 2895 tempus
1468 2855 1627 2884 vacare
1655 2855 1762 2883 cura
1781 2842 1954 2892 volunt,
1977 2845 2030 2881 ut
2054 2841 2338 2891 Chrysippus.
2401 2852 2508 2881 nam
2528 2840 2580 2891 is,

582 2919 785 2970 quamvis
815 2917 1066 2957 nutricibus
1095 2915 1343 2955 triennium
1373 2914 1560 2963 dederit,
1586 2918 1739 2954 tamen
1769 2913 1826 2953 ab
1855 2912 1942 2952 illis
1972 2923 2147 2963 quoque
2178 2911 2268 2952 iam
2297 2910 2583 2951 formandam

582 3001 716 3039 quam
738 2988 919 3039 optimis
939 2987 1157 3026 institutis
1176 2989 1374 3025 mentem
1397 2983 1640 3024 infantium
1661 2983 1841 3023 iudicat.
1887 2982 1909 3022 Ι
1931 2983 1996 3032 10,
2012 2982 2064 3022 32
2087 2985 2131 3021 et
2157 2980 2427 3031 Chrysippus
2447 2980 2583 3021 etiam

581 3059 810 3098 nutricum
844 3057 909 3097 illi
944 3067 1057 3108 quae
1093 3055 1333 3096 adhibetur
1367 3053 1617 3094 infantibus
1651 3051 1941 3092 adlectationi
1974 3062 2105 3091 suum
2141 3050 2367 3102 quoddam
2401 3060 2583 3090 carmen

582 3128 799 3179 adsignat.
864 3127 887 3166 I
918 3127 984 3176 11,
1012 3126 1061 3166 17
1094 3137 1195 3165 cum
1216 3124 1480 3176 praesertim
1500 3123 1610 3163 haec
1631 3121 1909 3162 chironomia
1933 3132 2046 3172 quae
2074 3124 2154 3170 est,
2179 3120 2247 3160 uti
2275 3119 2458 3160 nomine
2488 3119 2585 3170 ipso

581 3197 850 3246 declaratur,
874 3196 949 3236 lex
969 3199 1119 3246 gestus
1141 3226 1149 3235 .
1177 3225 1186 3234 .
1215 3225 1224 3235 .
1251 3199 1296 3234 et
1320 3206 1347 3234 a
1372 3193 1616 3242 Chrysippo
1649 3193 1695 3232 ἰη
1718 3191 1964 3240 praeceptis
1994 3190 2044 3230 de
2074 3190 2303 3230 liberorum
2332 3189 2586 3230 educatione

582 3278 675 3307 non
705 3266 879 3306 omissa.
943 3265 1037 3304 The
1069 3264 1156 3304 last
1186 3264 1357 3317 phrase
1379 3262 1472 3303 also
1503 3262 1634 3301 bears
1667 3260 1847 3300 witness
1881 3263 1928 3299 to
1962 3258 2038 3299 the
2073 3258 2396 3310 completeness
2427 3257 2476 3298 of
2507 3258 2584 3298 the

584 3335 731 3377 Greek
765 3335 960 3384 treatise,
997 3333 1068 3374 for
1101 3337 1149 3373 to
1183 3344 1264 3383 say
1299 3336 1406 3372 ‘nor
1435 3332 1517 3371 has
1547 3331 1638 3370 this
1671 3330 1785 3370 been
1821 3328 2007 3369 omitted
2039 3329 2099 3379 by
2133 3328 2408 3379 Chrysippus
2438 3327 2486 3367 in
2515 3326 2585 3367 his
2654 3316 2673 3331 '¹

581 3409 787 3456 precepts
807 3404 910 3443 etc.’
935 3402 1109 3453 implies
1129 3402 1228 3442 that
1249 3401 1498 3452 Quintilian
1519 3399 1669 3440 would
1688 3399 1801 3439 have
1821 3399 1935 3438 been
1955 3409 2063 3448 very
2085 3397 2219 3437 much
2238 3396 2477 3448 surprised,
2492 3395 2584 3436 had

582 3475 639 3514 he
660 3474 776 3514 done
797 3485 858 3513 so.
922 3473 1016 3512 The
1046 3471 1170 3511 word
1201 3472 1426 3521 χειρονομία
1457 3468 1576 3509 itself
1604 3479 1710 3519 may
1736 3468 1852 3508 have
1878 3468 1993 3507 been
2020 3466 2178 3507 coined
2202 3467 2263 3517 by
2284 3465 2556 3517 Chrysippos
2571 3478 2582 3516 3

584 3547 632 3585 at
659 3544 773 3584 least
802 3543 838 3582 it
867 3542 973 3582 does
1003 3545 1083 3581 not
1112 3552 1232 3580 seem
1262 3544 1308 3580 to
1339 3551 1473 3580 occur
1500 3538 1654 3579 before
1686 3537 1762 3577 the
1800 3537 1911 3576 time
1947 3535 1994 3576 of
2032 3536 2217 3586 Lucian,
2251 3535 2385 3586 being
2421 3533 2578 3583 found,

583 3611 885 3665 significantly
906 3610 1097 3661 enough,
1122 3609 1168 3649 in
1189 3610 1266 3649 the
1286 3611 1376 3659 περὶ
1397 3610 1599 3659 ὀρχήσεως
1619 3619 1655 3647 c.
1674 3606 1738 3647 78.
1803 3606 1897 3646 The
1917 3606 2025 3646 verb
2046 3606 2286 3656 χειρονομεῖν
2304 3604 2342 3644 is
2361 3606 2454 3644 met
2472 3602 2583 3644 with

585 3681 883 3733 occasionally
904 3681 951 3722 in
967 3679 1096 3721 Plato
1117 3690 1153 3719 e.
1171 3690 1210 3730 g.
1237 3679 1292 3718 de
1312 3678 1395 3729 leg.
1422 3678 1502 3718 795
1514 3677 1556 3717 d.
1584 3677 1663 3718 796
1675 3687 1711 3716 e.
