2716 3964
1210 292 1358 333 e.3L
2163 281 2269 335 297

393 448 446 478 ac
465 437 625 488 spiritu
644 437 721 477 sed
744 437 879 477 etiam
901 437 1152 477 eruditione
1173 441 1218 477 et
1238 442 1333 478 arte
1365 438 1417 479 G.
1442 439 1494 479 27
1516 438 1715 479 lamenta
1734 450 1784 479 ac
1806 439 2011 479 lacrimas
2031 440 2133 490 cito,
2154 441 2275 481 dolo-

391 517 487 546 rem
509 510 554 546 et
573 505 802 546 tristitiam
822 506 950 546 tarde
970 510 1146 556 ponunt
1186 507 1241 546 H.
1268 507 1291 546 I
1311 508 1359 546 81
1393 519 1574 547 manere
1595 519 1646 548 ac
1667 508 1954 558 deprehendi,
1979 520 2036 548 an
2057 508 2209 561 fugere
2230 514 2275 550 et

392 574 586 626 dispergi
633 575 680 614 II
698 575 752 614 68
781 574 1024 626 pervigiliis
1044 587 1094 615 ac
1124 576 1471 616 bacchanalibus
1492 588 1626 626 quam
1656 577 1914 627 disciplinae
1936 581 1980 616 et
1999 578 2156 618 castris
2205 579 2275 618 III

390 645 446 684 20
476 644 612 684 armis
646 655 697 684 ac
730 655 870 684 manu
905 674 914 683 .
942 674 952 683 .
979 674 989 684 .
1029 644 1202 684 ratione
1234 648 1279 684 et
1313 645 1497 685 consilio
1545 646 1664 685 Ann.
1697 646 1762 685 IV
1786 647 1805 685 1
1838 645 2014 697 largitio
2046 651 2090 687 et
2124 647 2269 698 luxus,

390 713 567 764 saepius
587 713 807 753 industria
827 724 879 753 ac
899 713 1143 764 vigilantia.
1198 714 1253 753 In
1283 725 1319 754 c.
1347 714 1399 754 18
1421 719 1508 754 ext.
1535 718 1788 765 et—atque
1811 746 1819 755 .
1848 746 1857 755 .
1886 746 1894 754 .
1922 721 2177 766 et—atque
2198 718 2273 757 the

391 782 611 833 grouping
629 782 667 822 is
686 781 906 833 perfectly
925 782 1230 832 symmetrical
1250 783 1339 823 and
1363 783 1410 822 in
1432 795 1468 824 c.
1492 785 1545 823 22
1567 791 1608 823 18
1627 784 1703 824 the
1723 784 1941 824 variation
1965 785 2001 824 is
2020 796 2267 836 necessary.

393 851 474 892 See
494 855 613 891 note.

349 959 381 1007 6
419 959 616 1007 oratori
647 958 883 1008 subiecta
912 958 1167 1007 materia:
1205 958 1255 1006 A
1281 958 1588 1008 Ciceronian
1614 959 1818 1022 phrase.
1889 961 1968 1010 Of.
1999 962 2062 1009 de
2088 966 2214 1010 orat.
2246 963 2271 1008 Ι

279 1042 362 1102 46,
397 1041 497 1088 201
537 1040 707 1089 omnis
742 1035 870 1089 haec
915 1045 968 1089 et
1011 1041 1348 1104 antiquitatis
1393 1042 1679 1090 memoria.
1710 1081 1719 1090 .
1750 1081 1760 1091 .
1789 1047 2058 1106 tamquam
2096 1044 2274 1108 aliqua

279 1125 514 1172 materies
539 1124 614 1172 eis
641 1124 919 1172 oratoribus
944 1123 1035 1186 qui
1061 1130 1340 1172 versantur
1366 1125 1421 1172 in
1446 1141 1502 1173 re
1528 1126 1739 1189 publica
1762 1127 1983 1174 subiecta
2008 1144 2108 1175 esse
2139 1130 2275 1176 debet

279 1207 339 1255 II
363 1207 447 1268 27,
466 1208 566 1255 116
593 1207 670 1255 ita
694 1207 863 1255 omnis
889 1207 1025 1255 ratio
1052 1207 1262 1255 dicendi
1287 1208 1456 1256 tribus
1483 1209 1549 1256 ad
1574 1209 1991 1271 persuadendum
2020 1211 2171 1259 rebus
2192 1216 2273 1259 est

279 1289 437 1338 nixa:
473 1294 534 1338 ut
573 1290 851 1353 probemus
894 1328 903 1338 .
948 1328 958 1338 .
1002 1328 1012 1338 .
1059 1290 1126 1338 ad
1164 1290 1490 1353 probandum
1534 1296 1709 1339 autem
1752 1292 1947 1355 duplex
1981 1297 2061 1341 est
2087 1295 2276 1342 oratori

278 1373 498 1422 subiecta
539 1373 760 1421 materia
819 1373 910 1420 III
936 1374 1017 1434 14,
1045 1374 1111 1421 54
1150 1377 1306 1436 atque
1351 1389 1411 1422 ea
1453 1378 1533 1422 est
1577 1374 1624 1422 ei
1669 1378 1759 1443 (sc.
1807 1376 2014 1440 oratori)
2057 1378 2275 1425 subiecta

277 1456 513 1504 materies
573 1456 749 1513 Quint.
779 1457 838 1503 II
864 1456 947 1517 21,
974 1456 1040 1504 20
1078 1456 1355 1504 materiam
1394 1457 1679 1505 rhetorices
1721 1473 1834 1505 esse
1874 1474 2051 1507 omnes
2087 1475 2167 1507 res
2206 1461 2273 1508 ad

279 1539 556 1588 dicendum
583 1539 633 1587 ei
658 1539 933 1588 subiectas.

445 1665 586 1705 These
606 1676 814 1716 passages
834 1677 915 1705 can
938 1665 1061 1705 leave
1082 1677 1141 1705 no
1162 1665 1422 1705 reasonable
1443 1666 1583 1706 doubt
1602 1667 1702 1706 that
1736 1667 1815 1709 ‘ad
1837 1667 2075 1707 dicendum
2092 1670 2101 1689 '
2137 1669 2172 1708 is
2193 1674 2273 1709 out

389 1734 437 1775 of
455 1734 580 1785 place
600 1735 661 1785 by
681 1734 757 1774 the
777 1734 871 1774 side
893 1734 941 1774 of
974 1738 984 1758 ‘
1000 1735 1199 1784 oratori,’
1234 1747 1261 1775 a
1282 1735 1394 1774 view
1423 1735 1668 1787 confirmed
1697 1736 1757 1786 by
1778 1737 1854 1775 the
1884 1737 2083 1777 variants
2115 1738 2158 1777 in
2190 1750 2273 1778 our

389 1804 537 1845 MSS:
568 1804 768 1844 subiecta
788 1804 844 1844 ad
865 1804 1103 1843 dicendum
1119 1804 1243 1844 —ad
1263 1804 1501 1862 dicendum
1523 1805 1734 1854 subiecta,
1759 1805 1904 1845 which
1934 1807 2270 1858 unmistakably

387 1873 516 1924 point
553 1877 600 1913 to
635 1885 691 1913 an
729 1873 988 1913 interlinear
1016 1873 1133 1924 gloss
1166 1874 1311 1930 which
1343 1873 1661 1924 subsequently
1697 1885 1821 1914 came
1858 1875 1952 1914 into
1985 1876 2061 1915 the
2091 1879 2187 1916 text
2223 1877 2270 1916 in

387 1941 597 1982 different
617 1942 776 1993 places.
840 1942 934 1981 The
954 1942 1114 1992 phrase
1135 1954 1226 1982 was
1246 1942 1472 1992 evidently
1493 1942 1630 1982 taken
1651 1942 1769 1982 from
1790 1955 1824 1983 c.
1846 1943 1898 1983 37
1919 1951 1960 1983 29
1992 1948 2066 1984 ‘ut
2087 1946 2269 1984 uberem

388 2011 445 2052 ad
465 2011 704 2051 dicendum
725 2012 960 2052 materiam
981 2015 1180 2051 oratores
1199 2012 1448 2061 haberent‚’
1468 2012 1614 2051 where
1632 2012 1666 2051 it
1683 2012 1718 2051 is
1739 2012 1859 2062 quite
1880 2014 2176 2063 appropriate,
2190 2019 2271 2054 not

386 2084 435 2120 to
455 2092 534 2131 say
555 2080 762 2120 essential
782 2084 830 2120 to
850 2081 925 2120 the
946 2081 1280 2120 context—As
1296 2082 1356 2120 est
1376 2081 1413 2120 is
1432 2080 1536 2120 here
1551 2084 1654 2131 part
1669 2080 1716 2120 of
1735 2081 1811 2120 the
1827 2082 1947 2131 verb,
1969 2082 2025 2122 its
2046 2083 2268 2133 emphatic

386 2150 580 2200 position
600 2149 753 2189 before
774 2150 889 2190 enim
910 2150 947 2189 is
966 2148 1282 2200 unjustifiable.

345 2263 376 2310 7
415 2262 473 2310 in
503 2261 720 2310 iudiciis
756 2260 922 2309 refers
960 2264 1016 2308 to
1053 2260 1144 2308 the
1180 2276 1342 2322 genus
1378 2260 1623 2309 iudiciale
1654 2261 1947 2329 (δικανικόν),
1988 2263 2046 2311 in
2077 2264 2267 2314 delibe-

275 2345 572 2394 rationibus
596 2347 652 2391 to
672 2344 763 2392 the
785 2360 829 2406 g.
853 2343 1256 2391 deliberaffiVum
1281 2343 1759 2411 (συμβουλευτικόν),
1788 2346 1846 2393 in
1870 2345 2267 2396 landationibus

273 2431 330 2476 to
354 2427 446 2475 the
473 2443 517 2489 g.
548 2426 1020 2475 demonstrativum
1062 2425 1434 2494 (ἐπιδεικτικόν),
1472 2427 1574 2474 and
1614 2427 1675 2476 de
1706 2428 1990 2490 aequitate,
2025 2429 2087 2477 (16
2119 2430 2266 2478 utili-

274 2514 401 2570 tate,
426 2510 488 2559 de
508 2510 782 2559 honestate
806 2509 1123 2572 correspond
1148 2508 1499 2572 respectively
1519 2513 1574 2557 to
1600 2510 1691 2558 the
1719 2511 1780 2558 de
1808 2510 1947 2558 iusto
1970 2515 2022 2559 et
2049 2511 2262 2572 iniusto,

273 2593 337 2642 de
375 2592 527 2641 bonis
568 2597 621 2640 et
657 2592 811 2640 malis
849 2593 953 2640 and
990 2593 1052 2640 de
1084 2592 1304 2640 honesto
1331 2596 1383 2640 et
1421 2592 1578 2655 turpi.
1656 2593 1734 2642 Cf.
1765 2592 1927 2641 Arist.
1958 2594 2113 2642 Rhet.
2145 2595 2169 2641 I
2197 2597 2263 2644 35

272 2675 425 2724 Auct.
454 2676 520 2723 ad
547 2676 778 2723 Herenn.
807 2675 988 2722 I—III
1037 2674 1143 2724 Cic.
1173 2675 1236 2722 de
1264 2674 1367 2722 inv.
1399 2675 1456 2721 II
1483 2676 1530 2735 4,
1560 2675 1624 2722 12
1687 2676 1750 2722 (16
1777 2680 1904 2723 orat.
1938 2680 2044 2743 (see
2071 2677 2259 2742 below)

273 2759 398 2821 Top.
428 2759 510 2818 24,
533 2758 597 2806 91
661 2757 837 2814 Quint.
868 2758 925 2804 II
952 2757 1033 2817 21,
1058 2757 1122 2805 18
1162 2757 1251 2804 III
1278 2758 1326 2817 4,
1355 2757 1382 2804 1
1402 2758 1739 2807 —16.—iere
1765 2757 1775 2777 ³
1794 2758 2017 2822 chiefly,'
2045 2759 2261 2822 belongs

270 2844 326 2889 to
353 2840 720 2888 ‘disserimus'
795 2840 860 2887 In
885 2839 993 2888 this
1030 2855 1196 2900 sense,
1226 2839 1457 2900 ‘ferme,'
1496 2840 1671 2888 which
1706 2840 1856 2888 takes
1894 2841 1983 2889 the
2023 2842 2168 2904 place
2207 2843 2264 2891 of

271 2923 439 2972 ‘fere’
479 2923 535 2971 in
571 2923 661 2971 the
698 2923 832 2971 later
857 2922 1098 2984 writings
1126 2922 1183 2970 of
1219 2922 1447 2983 Tacitus,
1477 2922 1521 2970 is
1544 2927 1652 2971 not
1676 2939 2000 2972 uncommon.
2079 2926 2157 2974 Of.
2189 2927 2257 2974 H.

270 3007 350 3056 IV
375 3007 440 3056 70
476 3011 536 3054 ut
561 3006 598 3054 f.
645 3005 897 3054 acerrima
940 3043 949 3053 .
998 3043 1007 3053 .
1054 3043 1062 3053 .
1109 3005 1463 3068 proximorum
1514 3005 1633 3053 odia
1682 3011 1805 3054 sunt
1865 3007 2002 3055 Ann.
2032 3009 2089 3055 II
2117 3009 2162 3055 2.
2193 3010 2259 3056 54

270 3089 349 3138 IV
374 3090 420 3138 5.
449 3091 494 3138 9.
525 3089 589 3137 58
640 3089 717 3137 VI
744 3089 809 3137 17
859 3089 972 3136 XII
1000 3089 1066 3136 36
1116 3088 1250 3136 XIV
1275 3089 1341 3135 20
1391 3089 1493 3136 XV
1519 3088 1599 3135 21.
1678 3088 1758 3137 On
1797 3089 1934 3137 ‘fere
1962 3090 2257 3154 p1·incipia,⁷

270 3187 354 3220 see
381 3172 494 3220 crit.
522 3175 644 3219 note
671 3187 710 3219 c.
740 3172 805 3219 20
836 3180 874 3218 2.
894 3171 1089 3219 —The
1128 3170 1296 3232 entire
1334 3185 1551 3233 passage
1590 3171 1635 3218 is
1674 3172 1898 3236 directly
1924 3172 2082 3221 based
2117 3191 2257 3236 upon

269 3254 373 3304 Cic.
402 3255 465 3302 de
493 3258 620 3302 orat.
650 3254 677 3301 I
704 3254 785 3314 31,
814 3254 911 3301 141
953 3254 1045 3301 sed
1070 3269 1342 3302 causarum
1370 3269 1501 3315 quae
1534 3253 1642 3301 sint
1679 3270 1709 3302 a
1746 3256 2005 3303 communi
2033 3257 2258 3318 quaesti-

268 3352 365 3385 one
392 3337 674 3396 seiunctae,
694 3336 885 3398 partim
908 3336 963 3383 in
984 3335 1194 3384 iudiciis
1217 3335 1432 3395 versari,
1456 3335 1647 3398 partim
1675 3336 1729 3383 in
1757 3338 2221 3387 deliberationibus
2242 3358 2253 3400 3

269 3434 382 3467 esse
409 3419 568 3467 etiam
595 3434 756 3480 genus
782 3418 999 3466 tertium
1026 3419 1166 3481 quod
1203 3418 1258 3465 in
1283 3418 1562 3466 laudandis
1590 3424 1680 3466 aut
1706 3419 2066 3483 vituperandis
2094 3422 2256 3468 homi-

267 3501 421 3549 nibus
447 3505 757 3564 poneretur;
796 3505 1067 3564 certosque
1095 3516 1207 3548 esse
1234 3500 1373 3548 locos
1413 3500 1601 3563 quibus
1640 3501 1696 3548 in
1727 3502 1934 3549 iudiciis
1970 3508 2250 3564 uteremur,

267 3582 323 3630 in
349 3583 536 3646 quibus
564 3583 797 3644 aequitas
822 3587 1174 3646 quaereretur,
1204 3582 1334 3630 alios
1363 3582 1418 3629 in
1444 3583 1883 3631 deliberationibus
1908 3601 2038 3647 quae
2074 3601 2251 3633 omnes
