<?xml version="1.0" encoding="UTF-8"?>
<!DOCTYPE html PUBLIC "-//W3C//DTD XHTML 1.0 Transitional//EN"
    "http://www.w3.org/TR/xhtml1/DTD/xhtml1-transitional.dtd">
<html xmlns="http://www.w3.org/1999/xhtml" xml:lang="en" lang="en">
 <head>
  <title>
</title>
<meta http-equiv="Content-Type" content="text/html;charset=utf-8" />
  <meta name='ocr-system' content='tesseract 3.04.00' />
  <meta name='ocr-capabilities' content='ocr_page ocr_carea ocr_par ocr_line ocrx_word'/>
</head>
<body>
  <div class='ocr_page' id='page_1' title='image "./pcorneliitacitid00taciuoft_0058.png"; bbox 0 0 2716 3964; ppageno 0'>
   <div class='ocr_carea' id='block_1_1' title="bbox 589 221 1822 278">
    <p class='ocr_par' dir='ltr' id='par_1_1' title="bbox 589 221 1822 278">
     <span class='ocr_line' id='line_1_1' title="bbox 589 221 1822 278; baseline 0.005 -5"><span class='ocrx_word' id='word_1_1' title='bbox 589 221 670 275; x_wconf 88' lang='lat' dir='ltr'>lvi</span> <span class='ocrx_word' id='word_1_2' title='bbox 1350 235 1822 278; x_wconf 81' lang='lat' dir='ltr'><strong>PROLEGOMENA.</strong></span> 
     </span>
    </p>
   </div>
   <div class='ocr_carea' id='block_1_2' title="bbox 583 379 2590 3603">
    <p class='ocr_par' dir='ltr' id='par_1_2' title="bbox 586 379 2590 1344">
     <span class='ocr_line' id='line_1_2' title="bbox 588 379 2589 447; baseline 0.003 -19"><span class='ocrx_word' id='word_1_3' title='bbox 588 379 859 443; x_wconf 87' lang='lat' dir='ltr'>egregium</span> <span class='ocrx_word' id='word_1_4' title='bbox 896 384 1106 444; x_wconf 87' lang='lat' dir='ltr'>poetam</span> <span class='ocrx_word' id='word_1_5' title='bbox 1142 379 1244 441; x_wconf 85' lang='lat' dir='ltr'>vel,</span> <span class='ocrx_word' id='word_1_6' title='bbox 1284 379 1330 428; x_wconf 91' lang='lat' dir='ltr'>si</span> <span class='ocrx_word' id='word_1_7' title='bbox 1367 380 1465 429; x_wconf 91' lang='lat' dir='ltr'>hoc</span> <span class='ocrx_word' id='word_1_8' title='bbox 1501 380 1934 431; x_wconf 84' lang='lat' dir='ltr'>honorificentius</span> <span class='ocrx_word' id='word_1_9' title='bbox 1973 387 2070 445; x_wconf 82' lang='lat' dir='ltr'>est,</span> <span class='ocrx_word' id='word_1_10' title='bbox 2108 383 2589 447; x_wconf 86' lang='lat' dir='ltr'>praeclarissimum</span> 
     </span>
     <span class='ocr_line' id='line_1_3' title="bbox 587 462 2588 529; baseline 0.003 -19"><span class='ocrx_word' id='word_1_11' title='bbox 587 467 764 512; x_wconf 89' lang='lat' dir='ltr'>vatem</span> <span class='ocrx_word' id='word_1_12' title='bbox 814 463 879 511; x_wconf 89' lang='grc'>12</span> <span class='ocrx_word' id='word_1_13' title='bbox 902 471 950 510; x_wconf 90' lang='grc'>11</span> <span class='ocrx_word' id='word_1_14' title='bbox 978 463 1113 511; x_wconf 81' lang='lat' dir='ltr'>felix</span> <span class='ocrx_word' id='word_1_15' title='bbox 1139 462 1275 510; x_wconf 90' lang='lat' dir='ltr'>illud</span> <span class='ocrx_word' id='word_1_16' title='bbox 1300 467 1368 524; x_wconf 88' lang='lat' dir='ltr'>et,</span> <span class='ocrx_word' id='word_1_17' title='bbox 1394 468 1454 512; x_wconf 92' lang='lat' dir='ltr'>ut</span> <span class='ocrx_word' id='word_1_18' title='bbox 1479 480 1621 512; x_wconf 89' lang='lat' dir='ltr'>more</span> <span class='ocrx_word' id='word_1_19' title='bbox 1647 469 1828 513; x_wconf 89' lang='lat' dir='ltr'>nostro</span> <span class='ocrx_word' id='word_1_20' title='bbox 1854 465 2055 529; x_wconf 87' lang='lat' dir='ltr'>loquar,</span> <span class='ocrx_word' id='word_1_21' title='bbox 2083 481 2297 515; x_wconf 91' lang='lat' dir='ltr'>aureum</span> <span class='ocrx_word' id='word_1_22' title='bbox 2323 468 2588 517; x_wconf 83' lang='lat' dir='ltr'>saeculum</span> 
     </span>
     <span class='ocr_line' id='line_1_4' title="bbox 589 545 2590 613; baseline 0.002 -19"><span class='ocrx_word' id='word_1_23' title='bbox 589 546 655 594; x_wconf 84' lang='lat'>12</span> <span class='ocrx_word' id='word_1_24' title='bbox 679 553 727 594; x_wconf 86' lang='lat'>17</span> <span class='ocrx_word' id='word_1_25' title='bbox 756 546 968 609; x_wconf 89' lang='lat' dir='ltr'>Orphea</span> <span class='ocrx_word' id='word_1_26' title='bbox 993 550 1046 594; x_wconf 93' lang='lat' dir='ltr'>et</span> <span class='ocrx_word' id='word_1_27' title='bbox 1073 545 1267 593; x_wconf 88' lang='lat' dir='ltr'><strong>Linum</strong></span> <span class='ocrx_word' id='word_1_28' title='bbox 1293 561 1366 606; x_wconf 90' lang='lat' dir='ltr'>ac,</span> <span class='ocrx_word' id='word_1_29' title='bbox 1391 546 1436 594; x_wconf 92' lang='lat' dir='ltr'>si</span> <span class='ocrx_word' id='word_1_30' title='bbox 1463 545 1807 610; x_wconf 74' lang='lat' dir='ltr'>introspicere</span> <span class='ocrx_word' id='word_1_31' title='bbox 1834 548 1995 597; x_wconf 91' lang='lat' dir='ltr'>altius</span> <span class='ocrx_word' id='word_1_32' title='bbox 2021 549 2172 609; x_wconf 88' lang='lat' dir='ltr'>velis,</span> <span class='ocrx_word' id='word_1_33' title='bbox 2194 549 2590 613; x_wconf 83' lang='lat' dir='ltr'>Apollinem.—</span> 
     </span>
     <span class='ocr_line' id='line_1_5' title="bbox 591 628 2589 692; baseline 0.003 -15"><span class='ocrx_word' id='word_1_34' title='bbox 591 629 651 678; x_wconf 83' lang='lat' dir='ltr'>G.</span> <span class='ocrx_word' id='word_1_35' title='bbox 679 630 711 677; x_wconf 88' lang='grc'><strong>2</strong></span> <span class='ocrx_word' id='word_1_36' title='bbox 750 629 1020 677; x_wconf 90' lang='lat' dir='ltr'>inmensus</span> <span class='ocrx_word' id='word_1_37' title='bbox 1058 628 1215 689; x_wconf 83' lang='lat' dir='ltr'>ultra,</span> <span class='ocrx_word' id='word_1_38' title='bbox 1243 633 1407 692; x_wconf 88' lang='lat' dir='ltr'>utque</span> <span class='ocrx_word' id='word_1_39' title='bbox 1446 629 1521 679; x_wconf 98' lang='grc'>310</span> <span class='ocrx_word' id='word_1_40' title='bbox 1559 631 1786 680; x_wconf 82' lang='lat' dir='ltr'>dixerim</span> <span class='ocrx_word' id='word_1_41' title='bbox 1819 632 2071 680; x_wconf 89' lang='lat' dir='ltr'>adversus</span> <span class='ocrx_word' id='word_1_42' title='bbox 2104 632 2340 682; x_wconf 79' lang='lat' dir='ltr'>Oceanus</span> <span class='ocrx_word' id='word_1_43' title='bbox 2388 635 2455 683; x_wconf 83' lang='lat'>33</span> <span class='ocrx_word' id='word_1_44' title='bbox 2481 650 2589 683; x_wconf 88' lang='lat' dir='ltr'>non</span> 
     </span>
     <span class='ocr_line' id='line_1_6' title="bbox 587 711 2587 777; baseline 0.003 -17"><span class='ocrx_word' id='word_1_45' title='bbox 587 712 747 760; x_wconf 89' lang='lat' dir='ltr'>armis</span> <span class='ocrx_word' id='word_1_46' title='bbox 781 712 1009 776; x_wconf 88' lang='lat' dir='ltr'>telisque</span> <span class='ocrx_word' id='word_1_47' title='bbox 1046 711 1316 773; x_wconf 81' lang='lat' dir='ltr'>RomaniS,</span> <span class='ocrx_word' id='word_1_48' title='bbox 1347 713 1438 761; x_wconf 88' lang='lat' dir='ltr'>sed</span> <span class='ocrx_word' id='word_1_49' title='bbox 1476 714 1616 777; x_wconf 89' lang='lat' dir='ltr'>quod</span> <span class='ocrx_word' id='word_1_50' title='bbox 1641 714 2074 777; x_wconf 88' lang='lat' dir='ltr'>magnificentius</span> <span class='ocrx_word' id='word_1_51' title='bbox 2113 719 2208 777; x_wconf 89' lang='lat' dir='ltr'>est,</span> <span class='ocrx_word' id='word_1_52' title='bbox 2237 715 2587 766; x_wconf 88' lang='lat' dir='ltr'>oblectatione</span> 
     </span>
     <span class='ocr_line' id='line_1_7' title="bbox 588 791 2586 864; baseline 0.003 -21"><span class='ocrx_word' id='word_1_53' title='bbox 588 795 857 859; x_wconf 89' lang='lat' dir='ltr'>oculisque</span> <span class='ocrx_word' id='word_1_54' title='bbox 926 795 1063 844; x_wconf 91' lang='lat' dir='ltr'>Ann.</span> <span class='ocrx_word' id='word_1_55' title='bbox 1105 796 1133 843; x_wconf 90' lang='grc' dir='ltr'>Ι</span> <span class='ocrx_word' id='word_1_56' title='bbox 1173 796 1237 844; x_wconf 87' lang='grc'>13</span> <span class='ocrx_word' id='word_1_57' title='bbox 1286 791 1459 864; x_wconf 90' lang='lat' dir='ltr'>[eum]</span> <span class='ocrx_word' id='word_1_58' title='bbox 1505 813 1610 860; x_wconf 73' lang='lat' dir='ltr'>non</span> <span class='ocrx_word' id='word_1_59' title='bbox 1658 797 1934 861; x_wconf 86' lang='lat' dir='ltr'>indignum</span> <span class='ocrx_word' id='word_1_60' title='bbox 1978 803 2031 847; x_wconf 92' lang='lat' dir='ltr'>et</span> <span class='ocrx_word' id='word_1_61' title='bbox 2074 798 2121 847; x_wconf 90' lang='lat' dir='ltr'>si</span> <span class='ocrx_word' id='word_1_62' title='bbox 2164 814 2314 848; x_wconf 87' lang='lat' dir='ltr'>casus</span> <span class='ocrx_word' id='word_1_63' title='bbox 2357 800 2586 862; x_wconf 87' lang='lat' dir='ltr'>daretur,</span> 
     </span>
     <span class='ocr_line' id='line_1_8' title="bbox 588 879 2588 942; baseline 0.003 -16"><span class='ocrx_word' id='word_1_64' title='bbox 588 894 851 936; x_wconf 89' lang='lat' dir='ltr'>ausurum.</span> <span class='ocrx_word' id='word_1_65' title='bbox 871 879 1053 942; x_wconf 85' lang='lat' dir='ltr'><strong>—Ag.</strong></span> <span class='ocrx_word' id='word_1_66' title='bbox 1083 880 1150 928; x_wconf 88' lang='grc'>46</span> <span class='ocrx_word' id='word_1_67' title='bbox 1190 879 1538 929; x_wconf 73' lang='lat' dir='ltr'>admiratione</span> <span class='ocrx_word' id='word_1_68' title='bbox 1567 920 1576 930; x_wconf 93' lang='lat'><strong>.</strong></span> <span class='ocrx_word' id='word_1_69' title='bbox 1607 918 1617 929; x_wconf 88' lang='lat'><strong>.</strong></span> <span class='ocrx_word' id='word_1_70' title='bbox 1647 919 1657 929; x_wconf 93' lang='lat'><strong>.</strong></span> <span class='ocrx_word' id='word_1_71' title='bbox 1687 886 1740 930; x_wconf 92' lang='lat' dir='ltr'>et</span> <span class='ocrx_word' id='word_1_72' title='bbox 1774 881 2158 930; x_wconf 72' lang='lat' dir='ltr'>immortalibus</span> <span class='ocrx_word' id='word_1_73' title='bbox 2191 881 2436 932; x_wconf 86' lang='lat' dir='ltr'>laudibus</span> <span class='ocrx_word' id='word_1_74' title='bbox 2462 887 2516 932; x_wconf 91' lang='lat' dir='ltr'>et</span> <span class='ocrx_word' id='word_1_75' title='bbox 2540 883 2588 932; x_wconf 91' lang='lat' dir='ltr'>si</span> 
     </span>
     <span class='ocr_line' id='line_1_9' title="bbox 586 962 2584 1034; baseline 0.003 -24"><span class='ocrx_word' id='word_1_76' title='bbox 586 966 779 1011; x_wconf 89' lang='lat' dir='ltr'>natura</span> <span class='ocrx_word' id='word_1_77' title='bbox 821 962 1142 1026; x_wconf 75' lang='lat' dir='ltr'>suppeditet,</span> <span class='ocrx_word' id='word_1_78' title='bbox 1190 962 1542 1012; x_wconf 85' lang='lat' dir='ltr'>similitudine</span> <span class='ocrx_word' id='word_1_79' title='bbox 1610 964 1669 1013; x_wconf 81' lang='lat' dir='ltr'>G.</span> <span class='ocrx_word' id='word_1_80' title='bbox 1698 965 1765 1012; x_wconf 90' lang='lat'>40</span> <span class='ocrx_word' id='word_1_81' title='bbox 1807 964 2038 1034; x_wconf 86' lang='lat' dir='ltr'>(Weink.</span> <span class='ocrx_word' id='word_1_82' title='bbox 2079 965 2183 1013; x_wconf 90' lang='lat' dir='ltr'>and</span> <span class='ocrx_word' id='word_1_83' title='bbox 2219 966 2426 1014; x_wconf 80' lang='lat' dir='ltr'>Jansen</span> <span class='ocrx_word' id='word_1_84' title='bbox 2461 965 2584 1031; x_wconf 65' lang='grc'><strong>12])</strong></span> 
     </span>
     <span class='ocr_line' id='line_1_10' title="bbox 586 1045 2585 1112; baseline 0.003 -19"><span class='ocrx_word' id='word_1_85' title='bbox 586 1045 889 1094; x_wconf 89' lang='lat' dir='ltr'>vehiculum</span> <span class='ocrx_word' id='word_1_86' title='bbox 927 1050 980 1094; x_wconf 95' lang='lat' dir='ltr'>et</span> <span class='ocrx_word' id='word_1_87' title='bbox 1017 1050 1192 1095; x_wconf 91' lang='lat' dir='ltr'>vestes</span> <span class='ocrx_word' id='word_1_88' title='bbox 1232 1050 1299 1108; x_wconf 83' lang='lat' dir='ltr'>et,</span> <span class='ocrx_word' id='word_1_89' title='bbox 1340 1046 1386 1095; x_wconf 80' lang='lat' dir='ltr'>&#39;si</span> <span class='ocrx_word' id='word_1_90' title='bbox 1424 1047 1635 1096; x_wconf 92' lang='lat' dir='ltr'>credere</span> <span class='ocrx_word' id='word_1_91' title='bbox 1665 1047 1815 1109; x_wconf 86' lang='lat' dir='ltr'>velis,</span> <span class='ocrx_word' id='word_1_92' title='bbox 1847 1063 2042 1096; x_wconf 90' lang='lat' dir='ltr'>numen</span> <span class='ocrx_word' id='word_1_93' title='bbox 2079 1047 2254 1112; x_wconf 90' lang='lat' dir='ltr'>ipsum</span> <span class='ocrx_word' id='word_1_94' title='bbox 2312 1049 2382 1097; x_wconf 91' lang='lat' dir='ltr'>H.</span> <span class='ocrx_word' id='word_1_95' title='bbox 2406 1049 2434 1096; x_wconf 92' lang='lat' dir='ltr'><strong>I</strong></span> <span class='ocrx_word' id='word_1_96' title='bbox 2460 1050 2524 1098; x_wconf 89' lang='grc'>51</span> <span class='ocrx_word' id='word_1_97' title='bbox 2545 1049 2585 1098; x_wconf 87' lang='lat' dir='ltr'>f.</span> 
     </span>
     <span class='ocr_line' id='line_1_11' title="bbox 587 1128 2587 1194; baseline 0.002 -17"><span class='ocrx_word' id='word_1_98' title='bbox 587 1128 721 1190; x_wconf 88' lang='lat' dir='ltr'>odio,</span> <span class='ocrx_word' id='word_1_99' title='bbox 764 1133 910 1177; x_wconf 90' lang='lat' dir='ltr'>metu</span> <span class='ocrx_word' id='word_1_100' title='bbox 949 1133 1017 1190; x_wconf 82' lang='lat' dir='ltr'>et,</span> <span class='ocrx_word' id='word_1_101' title='bbox 1062 1129 1150 1177; x_wconf 90' lang='lat' dir='ltr'>ubi</span> <span class='ocrx_word' id='word_1_102' title='bbox 1189 1129 1329 1178; x_wconf 86' lang='lat' dir='ltr'>vires</span> <span class='ocrx_word' id='word_1_103' title='bbox 1372 1146 1492 1179; x_wconf 92' lang='lat' dir='ltr'>suas</span> <span class='ocrx_word' id='word_1_104' title='bbox 1533 1135 1890 1194; x_wconf 84' lang='lat' dir='ltr'>respexerant,</span> <span class='ocrx_word' id='word_1_105' title='bbox 1933 1131 2215 1180; x_wconf 84' lang='lat' dir='ltr'>securitate</span> <span class='ocrx_word' id='word_1_106' title='bbox 2276 1131 2336 1179; x_wconf 90' lang='lat' dir='ltr'>II</span> <span class='ocrx_word' id='word_1_107' title='bbox 2361 1132 2427 1180; x_wconf 88' lang='lat'>80</span> <span class='ocrx_word' id='word_1_108' title='bbox 2462 1132 2587 1180; x_wconf 93' lang='lat' dir='ltr'>dum</span> 
     </span>
     <span class='ocr_line' id='line_1_12' title="bbox 587 1212 2589 1278; baseline 0.001 -17"><span class='ocrx_word' id='word_1_109' title='bbox 587 1212 858 1275; x_wconf 85' lang='lat' dir='ltr'>quaeritur</span> <span class='ocrx_word' id='word_1_110' title='bbox 895 1216 1120 1275; x_wconf 85' lang='lat' dir='ltr'>tempuS‚</span> <span class='ocrx_word' id='word_1_111' title='bbox 1148 1219 1308 1274; x_wconf 88' lang='lat' dir='ltr'>locus,</span> <span class='ocrx_word' id='word_1_112' title='bbox 1338 1214 1579 1277; x_wconf 88' lang='lat' dir='ltr'>quodque</span> <span class='ocrx_word' id='word_1_113' title='bbox 1606 1213 1663 1261; x_wconf 91' lang='lat' dir='ltr'>in</span> <span class='ocrx_word' id='word_1_114' title='bbox 1688 1229 1743 1262; x_wconf 93' lang='lat' dir='ltr'>re</span> <span class='ocrx_word' id='word_1_115' title='bbox 1768 1214 1867 1262; x_wconf 89' lang='lat' dir='ltr'>tali</span> <span class='ocrx_word' id='word_1_116' title='bbox 1898 1213 2268 1263; x_wconf 90' lang='lat' dir='ltr'>difficillimum</span> <span class='ocrx_word' id='word_1_117' title='bbox 2294 1219 2390 1276; x_wconf 87' lang='lat' dir='ltr'>est,</span> <span class='ocrx_word' id='word_1_118' title='bbox 2417 1215 2589 1278; x_wconf 91' lang='lat' dir='ltr'>prima</span> 
     </span>
     <span class='ocr_line' id='line_1_13' title="bbox 586 1311 703 1344; baseline 0.009 -1"><span class='ocrx_word' id='word_1_119' title='bbox 586 1311 703 1344; x_wconf 80' lang='lat' dir='ltr'>vox,</span> 
     </span>
    </p>

    <p class='ocr_par' dir='ltr' id='par_1_3' title="bbox 583 1379 2588 2026">
     <span class='ocr_line' id='line_1_14' title="bbox 655 1379 2588 1444; baseline 0.002 -18"><span class='ocrx_word' id='word_1_120' title='bbox 655 1380 694 1426; x_wconf 82' lang='lat' dir='ltr'>b.</span> <span class='ocrx_word' id='word_1_121' title='bbox 753 1380 858 1427; x_wconf 78' lang='lat' dir='ltr'>The</span> <span class='ocrx_word' id='word_1_122' title='bbox 908 1379 1224 1442; x_wconf 57' lang='lat' dir='ltr'>amplzjfyinq</span> <span class='ocrx_word' id='word_1_123' title='bbox 1269 1381 1465 1442; x_wconf 71' lang='lat' dir='ltr'>phrase</span> <span class='ocrx_word' id='word_1_124' title='bbox 1512 1380 1558 1427; x_wconf 79' lang='lat' dir='ltr'>is</span> <span class='ocrx_word' id='word_1_125' title='bbox 1607 1397 1640 1427; x_wconf 80' lang='lat' dir='ltr'>a</span> <span class='ocrx_word' id='word_1_126' title='bbox 1688 1380 1921 1443; x_wconf 72' lang='lat' dir='ltr'>neqative</span> <span class='ocrx_word' id='word_1_127' title='bbox 1975 1382 2156 1440; x_wconf 80' lang='lat' dir='ltr'>clause,</span> <span class='ocrx_word' id='word_1_128' title='bbox 2212 1382 2473 1444; x_wconf 74' lang='lat' dir='ltr'>qenerally</span> <span class='ocrx_word' id='word_1_129' title='bbox 2517 1397 2588 1430; x_wconf 75' lang='grc' dir='ltr'>ΕΤ</span> 
     </span>
     <span class='ocr_line' id='line_1_15' title="bbox 585 1461 2586 1526; baseline 0.001 -16"><span class='ocrx_word' id='word_1_130' title='bbox 585 1478 800 1511; x_wconf 79' lang='lat' dir='ltr'>NULLUs</span> <span class='ocrx_word' id='word_1_131' title='bbox 822 1481 831 1510; x_wconf 76' lang='grc' dir='ltr'>ε</span> <span class='ocrx_word' id='word_1_132' title='bbox 871 1478 912 1510; x_wconf 91' lang='grc'><strong>0.</strong></span> <span class='ocrx_word' id='word_1_133' title='bbox 937 1463 1002 1510; x_wconf 91' lang='grc'>12</span> <span class='ocrx_word' id='word_1_134' title='bbox 1025 1470 1050 1509; x_wconf 91' lang='grc'>8</span> <span class='ocrx_word' id='word_1_135' title='bbox 1076 1461 1133 1510; x_wconf 93' lang='grc'>111</span> <span class='ocrx_word' id='word_1_136' title='bbox 1159 1461 1254 1511; x_wconf 91' lang='lat' dir='ltr'>illa</span> <span class='ocrx_word' id='word_1_137' title='bbox 1280 1466 1426 1511; x_wconf 89' lang='lat' dir='ltr'>casta</span> <span class='ocrx_word' id='word_1_138' title='bbox 1452 1467 1504 1511; x_wconf 93' lang='lat' dir='ltr'>et</span> <span class='ocrx_word' id='word_1_139' title='bbox 1530 1463 1693 1511; x_wconf 88' lang='lat' dir='ltr'>nullis</span> <span class='ocrx_word' id='word_1_140' title='bbox 1721 1467 1964 1512; x_wconf 91' lang='lat' dir='ltr'>contacta</span> <span class='ocrx_word' id='word_1_141' title='bbox 1996 1463 2146 1512; x_wconf 88' lang='lat' dir='ltr'>vitiis</span> <span class='ocrx_word' id='word_1_142' title='bbox 2181 1468 2393 1526; x_wconf 84' lang='lat' dir='ltr'>pectora</span> <span class='ocrx_word' id='word_1_143' title='bbox 2438 1465 2505 1514; x_wconf 90' lang='lat'>28</span> <span class='ocrx_word' id='word_1_144' title='bbox 2530 1471 2586 1512; x_wconf 83' lang='lat'>24</span> 
     </span>
     <span class='ocr_line' id='line_1_16' title="bbox 586 1545 2585 1611; baseline 0.002 -17"><span class='ocrx_word' id='word_1_145' title='bbox 586 1545 790 1594; x_wconf 90' lang='lat' dir='ltr'>sincera</span> <span class='ocrx_word' id='word_1_146' title='bbox 815 1549 868 1594; x_wconf 92' lang='lat' dir='ltr'>et</span> <span class='ocrx_word' id='word_1_147' title='bbox 893 1545 1103 1608; x_wconf 87' lang='lat' dir='ltr'>integra</span> <span class='ocrx_word' id='word_1_148' title='bbox 1127 1550 1181 1594; x_wconf 88' lang='lat' dir='ltr'>et</span> <span class='ocrx_word' id='word_1_149' title='bbox 1206 1545 1370 1594; x_wconf 88' lang='lat' dir='ltr'>nullis</span> <span class='ocrx_word' id='word_1_150' title='bbox 1397 1545 1750 1610; x_wconf 89' lang='lat' dir='ltr'>pravitatibus</span> <span class='ocrx_word' id='word_1_151' title='bbox 1778 1585 1788 1595; x_wconf 89' lang='lat'><strong>.</strong></span> <span class='ocrx_word' id='word_1_152' title='bbox 1813 1585 1823 1595; x_wconf 94' lang='lat'><strong>.</strong></span> <span class='ocrx_word' id='word_1_153' title='bbox 1848 1585 1858 1595; x_wconf 97' lang='lat'><strong>.</strong></span> <span class='ocrx_word' id='word_1_154' title='bbox 1888 1548 2095 1595; x_wconf 92' lang='lat' dir='ltr'>detorta</span> <span class='ocrx_word' id='word_1_155' title='bbox 2118 1547 2497 1611; x_wconf 90' lang='lat' dir='ltr'>natura—Ag.</span> <span class='ocrx_word' id='word_1_156' title='bbox 2518 1548 2585 1598; x_wconf 89' lang='lat'>16</span> 
     </span>
     <span class='ocr_line' id='line_1_17' title="bbox 585 1629 2586 1680; baseline 0.002 -4"><span class='ocrx_word' id='word_1_157' title='bbox 585 1629 835 1678; x_wconf 90' lang='lat' dir='ltr'>innocens</span> <span class='ocrx_word' id='word_1_158' title='bbox 873 1629 1107 1678; x_wconf 87' lang='lat' dir='ltr'>Bolanus</span> <span class='ocrx_word' id='word_1_159' title='bbox 1147 1634 1200 1678; x_wconf 93' lang='lat' dir='ltr'>et</span> <span class='ocrx_word' id='word_1_160' title='bbox 1236 1630 1398 1678; x_wconf 90' lang='lat' dir='ltr'>nullis</span> <span class='ocrx_word' id='word_1_161' title='bbox 1439 1629 1649 1678; x_wconf 88' lang='lat' dir='ltr'>delictis</span> <span class='ocrx_word' id='word_1_162' title='bbox 1688 1630 1892 1678; x_wconf 89' lang='lat' dir='ltr'>invisus</span> <span class='ocrx_word' id='word_1_163' title='bbox 1951 1631 2010 1680; x_wconf 79' lang='lat' dir='ltr'>G.</span> <span class='ocrx_word' id='word_1_164' title='bbox 2031 1631 2096 1679; x_wconf 87' lang='grc'><strong>10</strong></span> <span class='ocrx_word' id='word_1_165' title='bbox 2123 1630 2335 1679; x_wconf 89' lang='lat' dir='ltr'>candidi</span> <span class='ocrx_word' id='word_1_166' title='bbox 2360 1635 2414 1679; x_wconf 91' lang='lat' dir='ltr'>et</span> <span class='ocrx_word' id='word_1_167' title='bbox 2437 1631 2586 1680; x_wconf 90' lang='lat' dir='ltr'>nullo</span> 
     </span>
     <span class='ocr_line' id='line_1_18' title="bbox 584 1713 2585 1777; baseline 0.001 -17"><span class='ocrx_word' id='word_1_168' title='bbox 584 1713 797 1761; x_wconf 92' lang='lat' dir='ltr'>mortali</span> <span class='ocrx_word' id='word_1_169' title='bbox 837 1728 993 1776; x_wconf 91' lang='lat' dir='ltr'>opere</span> <span class='ocrx_word' id='word_1_170' title='bbox 1035 1713 1265 1761; x_wconf 89' lang='lat' dir='ltr'>contacti</span> <span class='ocrx_word' id='word_1_171' title='bbox 1336 1714 1402 1762; x_wconf 86' lang='lat'>28</span> <span class='ocrx_word' id='word_1_172' title='bbox 1444 1713 1768 1777; x_wconf 91' lang='lat' dir='ltr'>promiscuas</span> <span class='ocrx_word' id='word_1_173' title='bbox 1810 1713 1980 1762; x_wconf 91' lang='lat' dir='ltr'>adhuc</span> <span class='ocrx_word' id='word_1_174' title='bbox 2021 1717 2074 1761; x_wconf 91' lang='lat' dir='ltr'>et</span> <span class='ocrx_word' id='word_1_175' title='bbox 2116 1713 2265 1762; x_wconf 90' lang='lat' dir='ltr'>nulla</span> <span class='ocrx_word' id='word_1_176' title='bbox 2306 1730 2585 1776; x_wconf 88' lang='lat' dir='ltr'>regnorum</span> 
     </span>
     <span class='ocr_line' id='line_1_19' title="bbox 583 1796 2584 1859; baseline 0.001 -15"><span class='ocrx_word' id='word_1_177' title='bbox 583 1796 824 1859; x_wconf 91' lang='lat' dir='ltr'>potentia</span> <span class='ocrx_word' id='word_1_178' title='bbox 873 1796 1071 1844; x_wconf 91' lang='lat' dir='ltr'>divisas</span> <span class='ocrx_word' id='word_1_179' title='bbox 1152 1797 1222 1844; x_wconf 88' lang='lat' dir='ltr'>H.</span> <span class='ocrx_word' id='word_1_180' title='bbox 1262 1797 1341 1846; x_wconf 87' lang='lat' dir='ltr'>IV</span> <span class='ocrx_word' id='word_1_181' title='bbox 1378 1797 1445 1844; x_wconf 85' lang='lat'>42</span> <span class='ocrx_word' id='word_1_182' title='bbox 1490 1796 1730 1859; x_wconf 89' lang='lat' dir='ltr'>ignotum</span> <span class='ocrx_word' id='word_1_183' title='bbox 1779 1797 1950 1845; x_wconf 91' lang='lat' dir='ltr'>adhuc</span> <span class='ocrx_word' id='word_1_184' title='bbox 1999 1796 2270 1859; x_wconf 87' lang='lat' dir='ltr'>ingenium</span> <span class='ocrx_word' id='word_1_185' title='bbox 2319 1801 2372 1846; x_wconf 90' lang='lat' dir='ltr'>et</span> <span class='ocrx_word' id='word_1_186' title='bbox 2419 1797 2584 1846; x_wconf 89' lang='lat' dir='ltr'>nullis</span> 
     </span>
     <span class='ocr_line' id='line_1_20' title="bbox 585 1878 2584 1942; baseline 0 -14"><span class='ocrx_word' id='word_1_187' title='bbox 585 1879 982 1928; x_wconf 84' lang='lat' dir='ltr'>defensionibus</span> <span class='ocrx_word' id='word_1_188' title='bbox 1034 1883 1312 1942; x_wconf 88' lang='lat' dir='ltr'>expertum</span> <span class='ocrx_word' id='word_1_189' title='bbox 1389 1878 1527 1928; x_wconf 87' lang='lat' dir='ltr'>Ann.</span> <span class='ocrx_word' id='word_1_190' title='bbox 1569 1880 1628 1928; x_wconf 91' lang='lat' dir='ltr'>II</span> <span class='ocrx_word' id='word_1_191' title='bbox 1668 1881 1735 1928; x_wconf 84' lang='lat'>25</span> <span class='ocrx_word' id='word_1_192' title='bbox 1784 1879 2011 1928; x_wconf 86' lang='lat' dir='ltr'>invictos</span> <span class='ocrx_word' id='word_1_193' title='bbox 2062 1884 2115 1928; x_wconf 89' lang='lat' dir='ltr'>et</span> <span class='ocrx_word' id='word_1_194' title='bbox 2163 1879 2326 1928; x_wconf 90' lang='lat' dir='ltr'>nullis</span> <span class='ocrx_word' id='word_1_195' title='bbox 2376 1880 2584 1929; x_wconf 88' lang='lat' dir='ltr'>casibus</span> 
     </span>
     <span class='ocr_line' id='line_1_21' title="bbox 584 1962 2580 2026; baseline 0.001 -15"><span class='ocrx_word' id='word_1_196' title='bbox 584 1963 910 2026; x_wconf 84' lang='lat' dir='ltr'>superabiles</span> <span class='ocrx_word' id='word_1_197' title='bbox 949 1964 1214 2011; x_wconf 81' lang='lat' dir='ltr'>Romanos</span> <span class='ocrx_word' id='word_1_198' title='bbox 1275 1963 1366 2010; x_wconf 92' lang='lat' dir='ltr'>III</span> <span class='ocrx_word' id='word_1_199' title='bbox 1392 1964 1458 2012; x_wconf 86' lang='grc'>37</span> <span class='ocrx_word' id='word_1_200' title='bbox 1486 1963 1627 2011; x_wconf 82' lang='grc'><strong>301113</strong></span> <span class='ocrx_word' id='word_1_201' title='bbox 1655 1967 1708 2011; x_wconf 88' lang='lat' dir='ltr'>et</span> <span class='ocrx_word' id='word_1_202' title='bbox 1733 1962 1897 2011; x_wconf 89' lang='lat' dir='ltr'>nullis</span> <span class='ocrx_word' id='word_1_203' title='bbox 1923 1963 2286 2026; x_wconf 89' lang='lat' dir='ltr'>voluptatibus</span> <span class='ocrx_word' id='word_1_204' title='bbox 2318 1967 2580 2012; x_wconf 73' lang='lat' dir='ltr'>avocatus</span> 
     </span>
    </p>

    <p class='ocr_par' dir='ltr' id='par_1_4' title="bbox 584 2045 2586 3603">
     <span class='ocr_line' id='line_1_22' title="bbox 654 2045 2586 2109; baseline 0 -15"><span class='ocrx_word' id='word_1_205' title='bbox 654 2063 691 2094; x_wconf 84' lang='lat' dir='ltr'>e.</span> <span class='ocrx_word' id='word_1_206' title='bbox 738 2047 842 2094; x_wconf 78' lang='lat' dir='ltr'>The</span> <span class='ocrx_word' id='word_1_207' title='bbox 869 2047 969 2094; x_wconf 78' lang='lat' dir='ltr'>last</span> <span class='ocrx_word' id='word_1_208' title='bbox 993 2047 1209 2094; x_wconf 82' lang='lat' dir='ltr'>member</span> <span class='ocrx_word' id='word_1_209' title='bbox 1223 2047 1471 2109; x_wconf 77' lang='lat' dir='ltr'>preceded</span> <span class='ocrx_word' id='word_1_210' title='bbox 1495 2047 1556 2109; x_wconf 73' lang='lat' dir='ltr'>by</span> <span class='ocrx_word' id='word_1_211' title='bbox 1579 2062 1646 2093; x_wconf 79' lang='grc' dir='ltr'>ΕΤ</span> <span class='ocrx_word' id='word_1_212' title='bbox 1673 2060 1905 2094; x_wconf 80' lang='lat' dir='ltr'><strong>TANTUM</strong></span> <span class='ocrx_word' id='word_1_213' title='bbox 1926 2065 1935 2093; x_wconf 90' lang='lat'>:</span> <span class='ocrx_word' id='word_1_214' title='bbox 1976 2062 2016 2094; x_wconf 93' lang='lat' dir='ltr'>c.</span> <span class='ocrx_word' id='word_1_215' title='bbox 2046 2047 2077 2095; x_wconf 93' lang='lat'>6</span> <span class='ocrx_word' id='word_1_216' title='bbox 2105 2054 2157 2093; x_wconf 85' lang='lat'>19</span> <span class='ocrx_word' id='word_1_217' title='bbox 2182 2045 2278 2094; x_wconf 90' lang='lat' dir='ltr'>illa</span> <span class='ocrx_word' id='word_1_218' title='bbox 2302 2046 2586 2095; x_wconf 87' lang='lat' dir='ltr'>secretiora</span> 
     </span>
     <span class='ocr_line' id='line_1_23' title="bbox 584 2129 2580 2198; baseline 0 -20"><span class='ocrx_word' id='word_1_219' title='bbox 584 2133 638 2178; x_wconf 91' lang='lat' dir='ltr'>et</span> <span class='ocrx_word' id='word_1_220' title='bbox 672 2133 882 2178; x_wconf 90' lang='lat' dir='ltr'>tantum</span> <span class='ocrx_word' id='word_1_221' title='bbox 919 2129 1051 2192; x_wconf 90' lang='lat' dir='ltr'>ipsis</span> <span class='ocrx_word' id='word_1_222' title='bbox 1091 2129 1361 2177; x_wconf 90' lang='lat' dir='ltr'>orantibus</span> <span class='ocrx_word' id='word_1_223' title='bbox 1400 2133 1527 2177; x_wconf 91' lang='lat' dir='ltr'>nota</span> <span class='ocrx_word' id='word_1_224' title='bbox 1577 2130 1636 2178; x_wconf 84' lang='lat' dir='ltr'>G.</span> <span class='ocrx_word' id='word_1_225' title='bbox 1665 2130 1698 2176; x_wconf 93' lang='lat'>4</span> <span class='ocrx_word' id='word_1_226' title='bbox 1729 2129 1892 2198; x_wconf 91' lang='lat' dir='ltr'>(cited</span> <span class='ocrx_word' id='word_1_227' title='bbox 1917 2145 1973 2178; x_wconf 87' lang='lat' dir='ltr'>as</span> <span class='ocrx_word' id='word_1_228' title='bbox 2001 2130 2068 2177; x_wconf 87' lang='lat' dir='ltr'>H.</span> <span class='ocrx_word' id='word_1_229' title='bbox 2099 2130 2179 2178; x_wconf 92' lang='lat' dir='ltr'>IV</span> <span class='ocrx_word' id='word_1_230' title='bbox 2203 2129 2241 2177; x_wconf 85' lang='lat' dir='ltr'>f.</span> <span class='ocrx_word' id='word_1_231' title='bbox 2280 2129 2351 2192; x_wconf 87' lang='lat' dir='ltr'>by</span> <span class='ocrx_word' id='word_1_232' title='bbox 2375 2129 2522 2178; x_wconf 85' lang='lat' dir='ltr'>ka.</span> <span class='ocrx_word' id='word_1_233' title='bbox 2544 2129 2580 2194; x_wconf 87' lang='lat'>!)</span> 
     </span>
     <span class='ocr_line' id='line_1_24' title="bbox 585 2212 2582 2276; baseline 0 -15"><span class='ocrx_word' id='word_1_234' title='bbox 585 2229 774 2276; x_wconf 87' lang='lat' dir='ltr'>magna</span> <span class='ocrx_word' id='word_1_235' title='bbox 799 2229 1017 2276; x_wconf 90' lang='lat' dir='ltr'>corpora</span> <span class='ocrx_word' id='word_1_236' title='bbox 1042 2217 1096 2261; x_wconf 92' lang='lat' dir='ltr'>et</span> <span class='ocrx_word' id='word_1_237' title='bbox 1120 2217 1329 2261; x_wconf 92' lang='lat' dir='ltr'>tantum</span> <span class='ocrx_word' id='word_1_238' title='bbox 1356 2213 1423 2261; x_wconf 92' lang='lat' dir='ltr'>ad</span> <span class='ocrx_word' id='word_1_239' title='bbox 1448 2212 1705 2276; x_wconf 91' lang='lat' dir='ltr'>impetum</span> <span class='ocrx_word' id='word_1_240' title='bbox 1730 2212 1910 2261; x_wconf 90' lang='lat' dir='ltr'>valida</span> <span class='ocrx_word' id='word_1_241' title='bbox 1963 2213 2029 2261; x_wconf 87' lang='grc'>29</span> <span class='ocrx_word' id='word_1_242' title='bbox 2068 2212 2300 2276; x_wconf 85' lang='lat' dir='ltr'>exempti</span> <span class='ocrx_word' id='word_1_243' title='bbox 2337 2212 2582 2261; x_wconf 88' lang='lat' dir='ltr'>oneribus</span> 
     </span>
     <span class='ocr_line' id='line_1_25' title="bbox 586 2295 2584 2360; baseline 0 -16"><span class='ocrx_word' id='word_1_244' title='bbox 586 2334 596 2344; x_wconf 93' lang='lat'><strong>.</strong></span> <span class='ocrx_word' id='word_1_245' title='bbox 627 2334 637 2344; x_wconf 91' lang='lat'><strong>.</strong></span> <span class='ocrx_word' id='word_1_246' title='bbox 667 2334 677 2344; x_wconf 93' lang='lat'><strong>.</strong></span> <span class='ocrx_word' id='word_1_247' title='bbox 706 2301 759 2344; x_wconf 92' lang='lat' dir='ltr'>et</span> <span class='ocrx_word' id='word_1_248' title='bbox 795 2300 1005 2345; x_wconf 90' lang='lat' dir='ltr'>tantum</span> <span class='ocrx_word' id='word_1_249' title='bbox 1041 2296 1098 2343; x_wconf 91' lang='lat' dir='ltr'>in</span> <span class='ocrx_word' id='word_1_250' title='bbox 1134 2312 1289 2344; x_wconf 89' lang='lat' dir='ltr'>usum</span> <span class='ocrx_word' id='word_1_251' title='bbox 1326 2296 1646 2359; x_wconf 90' lang='lat' dir='ltr'>proeliorum</span> <span class='ocrx_word' id='word_1_252' title='bbox 1684 2295 1904 2360; x_wconf 89' lang='lat' dir='ltr'>sepositi</span> <span class='ocrx_word' id='word_1_253' title='bbox 1969 2296 2039 2344; x_wconf 91' lang='lat' dir='ltr'>H.</span> <span class='ocrx_word' id='word_1_254' title='bbox 2062 2296 2121 2343; x_wconf 89' lang='grc' dir='ltr'>Π</span> <span class='ocrx_word' id='word_1_255' title='bbox 2146 2296 2214 2344; x_wconf 90' lang='grc'>45</span> <span class='ocrx_word' id='word_1_256' title='bbox 2240 2295 2502 2359; x_wconf 85' lang='lat' dir='ltr'>expeditis</span> <span class='ocrx_word' id='word_1_257' title='bbox 2529 2302 2584 2344; x_wconf 91' lang='lat' dir='ltr'>et</span> 
     </span>
     <span class='ocr_line' id='line_1_26' title="bbox 584 2378 2582 2443; baseline -0.001 -15"><span class='ocrx_word' id='word_1_258' title='bbox 584 2383 793 2428; x_wconf 86' lang='lat' dir='ltr'>tanturn</span> <span class='ocrx_word' id='word_1_259' title='bbox 831 2380 898 2428; x_wconf 91' lang='lat' dir='ltr'>ad</span> <span class='ocrx_word' id='word_1_260' title='bbox 933 2379 1194 2443; x_wconf 90' lang='lat' dir='ltr'>proelium</span> <span class='ocrx_word' id='word_1_261' title='bbox 1231 2379 1613 2442; x_wconf 84' lang='lat' dir='ltr'>egressis—or</span> <span class='ocrx_word' id='word_1_262' title='bbox 1645 2381 1705 2442; x_wconf 72' lang='lat' dir='ltr'>by</span> <span class='ocrx_word' id='word_1_263' title='bbox 1739 2395 1807 2427; x_wconf 79' lang='grc' dir='ltr'>ΕΤ</span> <span class='ocrx_word' id='word_1_264' title='bbox 1846 2395 2042 2427; x_wconf 82' lang='lat' dir='ltr'>CETERI</span> <span class='ocrx_word' id='word_1_265' title='bbox 2103 2394 2143 2426; x_wconf 92' lang='lat' dir='ltr'>c.</span> <span class='ocrx_word' id='word_1_266' title='bbox 2171 2379 2237 2426; x_wconf 85' lang='lat'>21</span> <span class='ocrx_word' id='word_1_267' title='bbox 2263 2386 2318 2426; x_wconf 86' lang='lat'>25</span> <span class='ocrx_word' id='word_1_268' title='bbox 2344 2378 2582 2428; x_wconf 85' lang='lat' dir='ltr'>Caesaris</span> 
     </span>
     <span class='ocr_line' id='line_1_27' title="bbox 586 2461 2582 2526; baseline 0 -17"><span class='ocrx_word' id='word_1_269' title='bbox 586 2478 680 2526; x_wconf 90' lang='lat' dir='ltr'>pro</span> <span class='ocrx_word' id='word_1_270' title='bbox 706 2462 869 2511; x_wconf 90' lang='lat' dir='ltr'>Decio</span> <span class='ocrx_word' id='word_1_271' title='bbox 899 2462 1134 2511; x_wconf 83' lang='lat' dir='ltr'>Samnite</span> <span class='ocrx_word' id='word_1_272' title='bbox 1161 2467 1251 2510; x_wconf 92' lang='lat' dir='ltr'>aut</span> <span class='ocrx_word' id='word_1_273' title='bbox 1276 2462 1432 2510; x_wconf 89' lang='lat' dir='ltr'>Bruti</span> <span class='ocrx_word' id='word_1_274' title='bbox 1459 2478 1552 2525; x_wconf 92' lang='lat' dir='ltr'>pro</span> <span class='ocrx_word' id='word_1_275' title='bbox 1578 2462 1829 2510; x_wconf 90' lang='lat' dir='ltr'>Deiotaro</span> <span class='ocrx_word' id='word_1_276' title='bbox 1850 2478 1970 2524; x_wconf 86' lang='lat' dir='ltr'>rege</span> <span class='ocrx_word' id='word_1_277' title='bbox 1991 2466 2296 2524; x_wconf 89' lang='lat' dir='ltr'>ceterosque</span> <span class='ocrx_word' id='word_1_278' title='bbox 2317 2498 2328 2510; x_wconf 93' lang='lat'><strong>.</strong></span> <span class='ocrx_word' id='word_1_279' title='bbox 2352 2498 2363 2510; x_wconf 96' lang='lat'><strong>.</strong></span> <span class='ocrx_word' id='word_1_280' title='bbox 2387 2499 2397 2509; x_wconf 92' lang='lat'><strong>.</strong></span> <span class='ocrx_word' id='word_1_281' title='bbox 2419 2461 2582 2510; x_wconf 89' lang='lat' dir='ltr'>libros</span> 
     </span>
     <span class='ocr_line' id='line_1_28' title="bbox 586 2543 2582 2593; baseline 0 -1"><span class='ocrx_word' id='word_1_282' title='bbox 586 2546 652 2593; x_wconf 88' lang='lat'>25</span> <span class='ocrx_word' id='word_1_283' title='bbox 672 2553 724 2593; x_wconf 87' lang='lat'>27</span> <span class='ocrx_word' id='word_1_284' title='bbox 752 2549 805 2593; x_wconf 92' lang='lat' dir='ltr'>et</span> <span class='ocrx_word' id='word_1_285' title='bbox 829 2545 996 2593; x_wconf 90' lang='lat' dir='ltr'>livore</span> <span class='ocrx_word' id='word_1_286' title='bbox 1023 2549 1075 2593; x_wconf 93' lang='lat' dir='ltr'>et</span> <span class='ocrx_word' id='word_1_287' title='bbox 1101 2544 1290 2593; x_wconf 88' lang='lat' dir='ltr'>ceteris</span> <span class='ocrx_word' id='word_1_288' title='bbox 1318 2583 1327 2592; x_wconf 93' lang='lat'><strong>.</strong></span> <span class='ocrx_word' id='word_1_289' title='bbox 1358 2582 1368 2592; x_wconf 97' lang='lat'><strong>.</strong></span> <span class='ocrx_word' id='word_1_290' title='bbox 1398 2582 1408 2592; x_wconf 95' lang='lat'><strong>.</strong></span> <span class='ocrx_word' id='word_1_291' title='bbox 1432 2544 1581 2592; x_wconf 91' lang='lat' dir='ltr'>vitiis</span> <span class='ocrx_word' id='word_1_292' title='bbox 1609 2544 1762 2593; x_wconf 89' lang='lat' dir='ltr'>adfici</span> <span class='ocrx_word' id='word_1_293' title='bbox 1812 2546 1878 2593; x_wconf 84' lang='lat'>37</span> <span class='ocrx_word' id='word_1_294' title='bbox 1896 2552 1945 2591; x_wconf 91' lang='lat'>11</span> <span class='ocrx_word' id='word_1_295' title='bbox 1974 2543 2229 2592; x_wconf 88' lang='lat' dir='ltr'>Lentulos</span> <span class='ocrx_word' id='word_1_296' title='bbox 2256 2548 2309 2592; x_wconf 91' lang='lat' dir='ltr'>et</span> <span class='ocrx_word' id='word_1_297' title='bbox 2334 2543 2582 2592; x_wconf 86' lang='lat' dir='ltr'>Metellos</span> 
     </span>
     <span class='ocr_line' id='line_1_29' title="bbox 588 2627 2585 2692; baseline 0 -16"><span class='ocrx_word' id='word_1_298' title='bbox 588 2666 597 2675; x_wconf 95' lang='lat'><strong>.</strong></span> <span class='ocrx_word' id='word_1_299' title='bbox 629 2666 637 2676; x_wconf 94' lang='lat'><strong>.</strong></span> <span class='ocrx_word' id='word_1_300' title='bbox 668 2666 678 2676; x_wconf 91' lang='lat'><strong>.</strong></span> <span class='ocrx_word' id='word_1_301' title='bbox 708 2632 935 2676; x_wconf 89' lang='lat' dir='ltr'>ceteram</span> <span class='ocrx_word' id='word_1_302' title='bbox 978 2643 1254 2692; x_wconf 89' lang='lat' dir='ltr'>procerum</span> <span class='ocrx_word' id='word_1_303' title='bbox 1293 2643 1506 2676; x_wconf 90' lang='lat' dir='ltr'>manum</span> <span class='ocrx_word' id='word_1_304' title='bbox 1578 2627 1674 2690; x_wconf 86' lang='lat' dir='ltr'>Ag.</span> <span class='ocrx_word' id='word_1_305' title='bbox 1706 2628 1771 2675; x_wconf 87' lang='grc'>12</span> <span class='ocrx_word' id='word_1_306' title='bbox 1810 2628 1978 2676; x_wconf 89' lang='lat' dir='ltr'>oleam</span> <span class='ocrx_word' id='word_1_307' title='bbox 2016 2627 2282 2691; x_wconf 84' lang='lat' dir='ltr'>vitemque</span> <span class='ocrx_word' id='word_1_308' title='bbox 2319 2631 2373 2675; x_wconf 91' lang='lat' dir='ltr'>et</span> <span class='ocrx_word' id='word_1_309' title='bbox 2409 2631 2585 2676; x_wconf 90' lang='lat' dir='ltr'>cetera</span> 
     </span>
     <span class='ocr_line' id='line_1_30' title="bbox 588 2710 2583 2773; baseline -0.001 -14"><span class='ocrx_word' id='word_1_310' title='bbox 588 2749 597 2759; x_wconf 94' lang='lat'><strong>.</strong></span> <span class='ocrx_word' id='word_1_311' title='bbox 628 2749 637 2759; x_wconf 94' lang='lat'><strong>.</strong></span> <span class='ocrx_word' id='word_1_312' title='bbox 670 2749 679 2759; x_wconf 94' lang='lat'><strong>.</strong></span> <span class='ocrx_word' id='word_1_313' title='bbox 710 2715 859 2759; x_wconf 90' lang='lat' dir='ltr'>sueta</span> <span class='ocrx_word' id='word_1_314' title='bbox 918 2711 984 2759; x_wconf 87' lang='lat'>32</span> <span class='ocrx_word' id='word_1_315' title='bbox 1009 2711 1212 2759; x_wconf 89' lang='lat' dir='ltr'>tributa</span> <span class='ocrx_word' id='word_1_316' title='bbox 1237 2715 1290 2759; x_wconf 93' lang='lat' dir='ltr'>et</span> <span class='ocrx_word' id='word_1_317' title='bbox 1316 2710 1533 2759; x_wconf 90' lang='lat' dir='ltr'>metalla</span> <span class='ocrx_word' id='word_1_318' title='bbox 1569 2715 1622 2759; x_wconf 93' lang='lat' dir='ltr'>et</span> <span class='ocrx_word' id='word_1_319' title='bbox 1656 2714 1859 2759; x_wconf 89' lang='lat' dir='ltr'>ceterae</span> <span class='ocrx_word' id='word_1_320' title='bbox 1887 2748 1897 2758; x_wconf 85' lang='lat'><strong>.</strong></span> <span class='ocrx_word' id='word_1_321' title='bbox 1928 2748 1937 2758; x_wconf 91' lang='lat'><strong>.</strong></span> <span class='ocrx_word' id='word_1_322' title='bbox 1969 2748 1978 2758; x_wconf 95' lang='lat'><strong>.</strong></span> <span class='ocrx_word' id='word_1_323' title='bbox 2007 2726 2204 2773; x_wconf 91' lang='lat' dir='ltr'>poenae</span> <span class='ocrx_word' id='word_1_324' title='bbox 2265 2710 2335 2758; x_wconf 77' lang='lat' dir='ltr'>H.</span> <span class='ocrx_word' id='word_1_325' title='bbox 2364 2710 2392 2757; x_wconf 95' lang='lat' dir='ltr'><strong>I</strong></span> <span class='ocrx_word' id='word_1_326' title='bbox 2419 2710 2485 2757; x_wconf 88' lang='lat'>22</span> <span class='ocrx_word' id='word_1_327' title='bbox 2522 2710 2583 2758; x_wconf 89' lang='lat' dir='ltr'>II</span> 
     </span>
     <span class='ocr_line' id='line_1_31' title="bbox 588 2792 2583 2843; baseline 0 -1"><span class='ocrx_word' id='word_1_328' title='bbox 588 2795 667 2842; x_wconf 89' lang='grc'>16.</span> <span class='ocrx_word' id='word_1_329' title='bbox 698 2795 761 2843; x_wconf 91' lang='grc'>71</span> <span class='ocrx_word' id='word_1_330' title='bbox 813 2794 904 2841; x_wconf 89' lang='lat' dir='ltr'>III</span> <span class='ocrx_word' id='word_1_331' title='bbox 930 2795 1009 2842; x_wconf 83' lang='lat'>20.</span> <span class='ocrx_word' id='word_1_332' title='bbox 1039 2795 1106 2842; x_wconf 89' lang='lat'>49</span> <span class='ocrx_word' id='word_1_333' title='bbox 1157 2794 1235 2843; x_wconf 90' lang='lat' dir='ltr'>IV</span> <span class='ocrx_word' id='word_1_334' title='bbox 1260 2794 1407 2843; x_wconf 64' lang='lat'>510.</span> <span class='ocrx_word' id='word_1_335' title='bbox 1432 2794 1512 2842; x_wconf 90' lang='grc'>14.</span> <span class='ocrx_word' id='word_1_336' title='bbox 1536 2794 1617 2842; x_wconf 89' lang='grc'>26.</span> <span class='ocrx_word' id='word_1_337' title='bbox 1642 2794 1722 2842; x_wconf 91' lang='grc'>71.</span> <span class='ocrx_word' id='word_1_338' title='bbox 1747 2795 1812 2842; x_wconf 88' lang='lat'>74</span> <span class='ocrx_word' id='word_1_339' title='bbox 1852 2794 1900 2843; x_wconf 89' lang='lat' dir='ltr'><strong>V</strong></span> <span class='ocrx_word' id='word_1_340' title='bbox 1926 2794 2005 2842; x_wconf 90' lang='grc'>17.</span> <span class='ocrx_word' id='word_1_341' title='bbox 2035 2794 2102 2841; x_wconf 90' lang='grc'>25</span> <span class='ocrx_word' id='word_1_342' title='bbox 2152 2792 2290 2841; x_wconf 88' lang='grc' dir='ltr'><strong>Α1111.</strong></span> <span class='ocrx_word' id='word_1_343' title='bbox 2313 2793 2341 2840; x_wconf 92' lang='lat' dir='ltr'><strong>I</strong></span> <span class='ocrx_word' id='word_1_344' title='bbox 2368 2795 2399 2842; x_wconf 83' lang='lat'><strong>7</strong></span> <span class='ocrx_word' id='word_1_345' title='bbox 2437 2793 2496 2840; x_wconf 93' lang='lat' dir='ltr'>II</span> <span class='ocrx_word' id='word_1_346' title='bbox 2517 2793 2583 2842; x_wconf 89' lang='grc'>73</span> 
     </span>
     <span class='ocr_line' id='line_1_32' title="bbox 587 2875 2582 2936; baseline 0 -12"><span class='ocrx_word' id='word_1_347' title='bbox 587 2877 666 2926; x_wconf 93' lang='lat' dir='ltr'>IV</span> <span class='ocrx_word' id='word_1_348' title='bbox 692 2878 737 2925; x_wconf 91' lang='lat'>6.</span> <span class='ocrx_word' id='word_1_349' title='bbox 767 2879 812 2926; x_wconf 88' lang='lat'>9.</span> <span class='ocrx_word' id='word_1_350' title='bbox 838 2877 901 2925; x_wconf 86' lang='lat'>71</span> <span class='ocrx_word' id='word_1_351' title='bbox 946 2877 1029 2924; x_wconf 87' lang='lat' dir='ltr'>XI</span> <span class='ocrx_word' id='word_1_352' title='bbox 1057 2879 1101 2925; x_wconf 92' lang='grc'>6.</span> <span class='ocrx_word' id='word_1_353' title='bbox 1128 2878 1194 2925; x_wconf 88' lang='grc'>30</span> <span class='ocrx_word' id='word_1_354' title='bbox 1238 2878 1353 2925; x_wconf 90' lang='lat' dir='ltr'>XII</span> <span class='ocrx_word' id='word_1_355' title='bbox 1380 2878 1446 2926; x_wconf 90' lang='lat'>46</span> <span class='ocrx_word' id='word_1_356' title='bbox 1496 2877 1641 2925; x_wconf 92' lang='lat' dir='ltr'><strong>XIII</strong></span> <span class='ocrx_word' id='word_1_357' title='bbox 1668 2878 1699 2925; x_wconf 91' lang='lat'>6</span> <span class='ocrx_word' id='word_1_358' title='bbox 1748 2877 1882 2925; x_wconf 91' lang='lat' dir='ltr'>XIV</span> <span class='ocrx_word' id='word_1_359' title='bbox 1906 2877 1938 2925; x_wconf 89' lang='lat'><strong>3</strong></span> <span class='ocrx_word' id='word_1_360' title='bbox 1987 2876 2090 2925; x_wconf 93' lang='lat' dir='ltr'>XV</span> <span class='ocrx_word' id='word_1_361' title='bbox 2114 2877 2194 2924; x_wconf 89' lang='lat'>53.</span> <span class='ocrx_word' id='word_1_362' title='bbox 2225 2876 2291 2924; x_wconf 88' lang='grc'>55</span> <span class='ocrx_word' id='word_1_363' title='bbox 2339 2875 2472 2925; x_wconf 93' lang='lat' dir='ltr'>XVI</span> <span class='ocrx_word' id='word_1_364' title='bbox 2498 2875 2582 2936; x_wconf 87' lang='lat'>26,</span> 
     </span>
     <span class='ocr_line' id='line_1_33' title="bbox 588 2957 2586 3023; baseline -0.001 -16"><span class='ocrx_word' id='word_1_365' title='bbox 588 2959 811 3008; x_wconf 70' lang='lat' dir='ltr'>‘omnia&#39;</span> <span class='ocrx_word' id='word_1_366' title='bbox 833 2975 891 3007; x_wconf 93' lang='lat' dir='ltr'>or</span> <span class='ocrx_word' id='word_1_367' title='bbox 912 2959 1060 3007; x_wconf 70' lang='lat' dir='ltr'>‘alia&#39;</span> <span class='ocrx_word' id='word_1_368' title='bbox 1083 2960 1234 3008; x_wconf 81' lang='lat' dir='ltr'>often</span> <span class='ocrx_word' id='word_1_369' title='bbox 1258 2959 1446 3023; x_wconf 88' lang='lat' dir='ltr'>taking</span> <span class='ocrx_word' id='word_1_370' title='bbox 1469 2959 1560 3007; x_wconf 91' lang='lat' dir='ltr'>the</span> <span class='ocrx_word' id='word_1_371' title='bbox 1587 2959 1736 3022; x_wconf 90' lang='lat' dir='ltr'>place</span> <span class='ocrx_word' id='word_1_372' title='bbox 1763 2959 1820 3007; x_wconf 86' lang='lat' dir='ltr'>of</span> <span class='ocrx_word' id='word_1_373' title='bbox 1845 2958 2065 3007; x_wconf 76' lang='lat' dir='ltr'>‘cetera&#39;</span> <span class='ocrx_word' id='word_1_374' title='bbox 2092 2958 2149 3006; x_wconf 93' lang='lat' dir='ltr'>in</span> <span class='ocrx_word' id='word_1_375' title='bbox 2173 2958 2265 3006; x_wconf 93' lang='lat' dir='ltr'>the</span> <span class='ocrx_word' id='word_1_376' title='bbox 2290 2957 2586 3006; x_wconf 90' lang='lat' dir='ltr'>Annals.--</span> 
     </span>
     <span class='ocr_line' id='line_1_34' title="bbox 588 3040 2583 3106; baseline -0.001 -15"><span class='ocrx_word' id='word_1_377' title='bbox 588 3061 644 3091; x_wconf 89' lang='lat' dir='ltr'>or</span> <span class='ocrx_word' id='word_1_378' title='bbox 667 3045 727 3106; x_wconf 72' lang='lat' dir='ltr'>by</span> <span class='ocrx_word' id='word_1_379' title='bbox 753 3060 785 3090; x_wconf 81' lang='lat' dir='ltr'>a</span> <span class='ocrx_word' id='word_1_380' title='bbox 811 3057 1087 3091; x_wconf 81' lang='lat' dir='ltr'>RELATIVE</span> <span class='ocrx_word' id='word_1_381' title='bbox 1114 3058 1408 3091; x_wconf 85' lang='lat' dir='ltr'>PRONOUN:</span> <span class='ocrx_word' id='word_1_382' title='bbox 1460 3058 1499 3091; x_wconf 94' lang='lat' dir='ltr'>c.</span> <span class='ocrx_word' id='word_1_383' title='bbox 1531 3042 1596 3091; x_wconf 88' lang='lat'>10</span> <span class='ocrx_word' id='word_1_384' title='bbox 1625 3050 1676 3089; x_wconf 89' lang='lat'>15</span> <span class='ocrx_word' id='word_1_385' title='bbox 1714 3041 2099 3090; x_wconf 89' lang='lat' dir='ltr'>iucunditatem</span> <span class='ocrx_word' id='word_1_386' title='bbox 2137 3045 2190 3089; x_wconf 92' lang='lat' dir='ltr'>et</span> <span class='ocrx_word' id='word_1_387' title='bbox 2217 3080 2227 3091; x_wconf 93' lang='lat'><strong>.</strong></span> <span class='ocrx_word' id='word_1_388' title='bbox 2257 3079 2267 3089; x_wconf 95' lang='lat'><strong>.</strong></span> <span class='ocrx_word' id='word_1_389' title='bbox 2297 3079 2308 3089; x_wconf 93' lang='lat'><strong>.</strong></span> <span class='ocrx_word' id='word_1_390' title='bbox 2335 3040 2583 3090; x_wconf 89' lang='lat' dir='ltr'>lascivias</span> 
     </span>
     <span class='ocr_line' id='line_1_35' title="bbox 588 3123 2583 3189; baseline -0.001 -15"><span class='ocrx_word' id='word_1_391' title='bbox 588 3130 642 3174; x_wconf 92' lang='lat' dir='ltr'>et</span> <span class='ocrx_word' id='word_1_392' title='bbox 668 3164 678 3174; x_wconf 93' lang='lat'><strong>.</strong></span> <span class='ocrx_word' id='word_1_393' title='bbox 708 3164 717 3174; x_wconf 91' lang='lat'><strong>.</strong></span> <span class='ocrx_word' id='word_1_394' title='bbox 750 3164 759 3173; x_wconf 95' lang='lat'><strong>.</strong></span> <span class='ocrx_word' id='word_1_395' title='bbox 788 3126 934 3173; x_wconf 90' lang='lat' dir='ltr'>lusus</span> <span class='ocrx_word' id='word_1_396' title='bbox 962 3129 1015 3173; x_wconf 92' lang='lat' dir='ltr'>et</span> <span class='ocrx_word' id='word_1_397' title='bbox 1042 3141 1405 3189; x_wconf 89' lang='lat' dir='ltr'>quamcunque</span> <span class='ocrx_word' id='word_1_398' title='bbox 1432 3125 1592 3174; x_wconf 91' lang='lat' dir='ltr'>aliam</span> <span class='ocrx_word' id='word_1_399' title='bbox 1618 3124 1845 3188; x_wconf 91' lang='lat' dir='ltr'>speciem</span> <span class='ocrx_word' id='word_1_400' title='bbox 1895 3125 1961 3173; x_wconf 87' lang='lat'>15</span> <span class='ocrx_word' id='word_1_401' title='bbox 1990 3132 2041 3172; x_wconf 82' lang='lat'>15</span> <span class='ocrx_word' id='word_1_402' title='bbox 2072 3123 2288 3172; x_wconf 87' lang='lat' dir='ltr'>Nicetes</span> <span class='ocrx_word' id='word_1_403' title='bbox 2315 3127 2368 3172; x_wconf 91' lang='lat' dir='ltr'>et</span> <span class='ocrx_word' id='word_1_404' title='bbox 2394 3123 2440 3172; x_wconf 91' lang='lat' dir='ltr'>si</span> <span class='ocrx_word' id='word_1_405' title='bbox 2465 3123 2583 3187; x_wconf 90' lang='lat' dir='ltr'>quis</span> 
     </span>
     <span class='ocr_line' id='line_1_36' title="bbox 588 3206 2580 3271; baseline -0.001 -15"><span class='ocrx_word' id='word_1_406' title='bbox 588 3209 723 3257; x_wconf 91' lang='lat' dir='ltr'>alius</span> <span class='ocrx_word' id='word_1_407' title='bbox 773 3209 837 3256; x_wconf 90' lang='grc'>18</span> <span class='ocrx_word' id='word_1_408' title='bbox 861 3216 886 3255; x_wconf 88' lang='grc'><strong>3</strong></span> <span class='ocrx_word' id='word_1_409' title='bbox 915 3209 1112 3257; x_wconf 86' lang='lat' dir='ltr'>Galbae</span> <span class='ocrx_word' id='word_1_410' title='bbox 1139 3213 1230 3256; x_wconf 90' lang='lat' dir='ltr'>aut</span> <span class='ocrx_word' id='word_1_411' title='bbox 1258 3209 1311 3258; x_wconf 85' lang='lat' dir='ltr'>C.</span> <span class='ocrx_word' id='word_1_412' title='bbox 1343 3208 1570 3258; x_wconf 90' lang='lat' dir='ltr'>Carboni</span> <span class='ocrx_word' id='word_1_413' title='bbox 1596 3223 1830 3271; x_wconf 89' lang='lat' dir='ltr'>quosque</span> <span class='ocrx_word' id='word_1_414' title='bbox 1858 3207 1989 3255; x_wconf 89' lang='lat' dir='ltr'>alios</span> <span class='ocrx_word' id='word_1_415' title='bbox 2040 3207 2105 3255; x_wconf 89' lang='lat'>19</span> <span class='ocrx_word' id='word_1_416' title='bbox 2135 3215 2183 3254; x_wconf 95' lang='grc'>11</span> <span class='ocrx_word' id='word_1_417' title='bbox 2217 3206 2378 3255; x_wconf 88' lang='grc'><strong>361163</strong></span> <span class='ocrx_word' id='word_1_418' title='bbox 2410 3210 2463 3254; x_wconf 91' lang='lat' dir='ltr'>et</span> <span class='ocrx_word' id='word_1_419' title='bbox 2489 3243 2500 3254; x_wconf 94' lang='lat'><strong>.</strong></span> <span class='ocrx_word' id='word_1_420' title='bbox 2530 3243 2539 3253; x_wconf 94' lang='lat'><strong>.</strong></span> <span class='ocrx_word' id='word_1_421' title='bbox 2569 3243 2580 3254; x_wconf 93' lang='lat'><strong>.</strong></span> 
     </span>
     <span class='ocr_line' id='line_1_37' title="bbox 588 3288 2580 3354; baseline -0.002 -15"><span class='ocrx_word' id='word_1_422' title='bbox 588 3291 872 3340; x_wconf 88' lang='lat' dir='ltr'>ostentatio</span> <span class='ocrx_word' id='word_1_423' title='bbox 900 3295 952 3339; x_wconf 89' lang='lat' dir='ltr'>et</span> <span class='ocrx_word' id='word_1_424' title='bbox 974 3329 983 3338; x_wconf 93' lang='lat'><strong>.</strong></span> <span class='ocrx_word' id='word_1_425' title='bbox 1008 3329 1017 3338; x_wconf 95' lang='lat'><strong>.</strong></span> <span class='ocrx_word' id='word_1_426' title='bbox 1043 3329 1053 3339; x_wconf 95' lang='lat'><strong>.</strong></span> <span class='ocrx_word' id='word_1_427' title='bbox 1078 3292 1269 3354; x_wconf 85' lang='lat' dir='ltr'>gradus</span> <span class='ocrx_word' id='word_1_428' title='bbox 1297 3295 1349 3339; x_wconf 93' lang='lat' dir='ltr'>et</span> <span class='ocrx_word' id='word_1_429' title='bbox 1376 3290 1636 3354; x_wconf 88' lang='lat' dir='ltr'>quidquid</span> <span class='ocrx_word' id='word_1_430' title='bbox 1660 3290 1807 3339; x_wconf 90' lang='lat' dir='ltr'>aliud</span> <span class='ocrx_word' id='word_1_431' title='bbox 1866 3290 1930 3337; x_wconf 88' lang='grc'>21</span> <span class='ocrx_word' id='word_1_432' title='bbox 1954 3297 1979 3336; x_wconf 91' lang='grc'><strong>3</strong></span> <span class='ocrx_word' id='word_1_433' title='bbox 2011 3289 2202 3339; x_wconf 88' lang='lat' dir='ltr'>Canuti</span> <span class='ocrx_word' id='word_1_434' title='bbox 2228 3294 2318 3338; x_wconf 90' lang='lat' dir='ltr'>aut</span> <span class='ocrx_word' id='word_1_435' title='bbox 2343 3288 2463 3337; x_wconf 89' lang='lat' dir='ltr'>Atti</span> <span class='ocrx_word' id='word_1_436' title='bbox 2490 3326 2499 3336; x_wconf 93' lang='lat'><strong>.</strong></span> <span class='ocrx_word' id='word_1_437' title='bbox 2530 3326 2539 3336; x_wconf 94' lang='lat'><strong>.</strong></span> <span class='ocrx_word' id='word_1_438' title='bbox 2570 3325 2580 3336; x_wconf 94' lang='lat'><strong>.</strong></span> 
     </span>
     <span class='ocr_line' id='line_1_38' title="bbox 589 3370 2583 3438; baseline -0.002 -16"><span class='ocrx_word' id='word_1_439' title='bbox 589 3390 821 3438; x_wconf 88' lang='lat' dir='ltr'>quosque</span> <span class='ocrx_word' id='word_1_440' title='bbox 853 3374 984 3422; x_wconf 89' lang='lat' dir='ltr'>alios</span> <span class='ocrx_word' id='word_1_441' title='bbox 1035 3374 1101 3422; x_wconf 92' lang='grc'>25</span> <span class='ocrx_word' id='word_1_442' title='bbox 1125 3382 1149 3421; x_wconf 81' lang='grc'><strong>5</strong></span> <span class='ocrx_word' id='word_1_443' title='bbox 1184 3374 1296 3422; x_wconf 89' lang='lat' dir='ltr'>sive</span> <span class='ocrx_word' id='word_1_444' title='bbox 1333 3374 1454 3422; x_wconf 91' lang='lat' dir='ltr'>illos</span> <span class='ocrx_word' id='word_1_445' title='bbox 1494 3374 1739 3437; x_wconf 88' lang='lat' dir='ltr'>antiquos</span> <span class='ocrx_word' id='word_1_446' title='bbox 1779 3372 1889 3421; x_wconf 91' lang='lat' dir='ltr'>sive</span> <span class='ocrx_word' id='word_1_447' title='bbox 1927 3372 2151 3421; x_wconf 87' lang='lat' dir='ltr'>maiores</span> <span class='ocrx_word' id='word_1_448' title='bbox 2190 3372 2301 3421; x_wconf 90' lang='lat' dir='ltr'>sive</span> <span class='ocrx_word' id='word_1_449' title='bbox 2339 3387 2441 3436; x_wconf 92' lang='lat' dir='ltr'>quo</span> <span class='ocrx_word' id='word_1_450' title='bbox 2479 3370 2583 3419; x_wconf 92' lang='lat' dir='ltr'>alio</span> 
     </span>
     <span class='ocr_line' id='line_1_39' title="bbox 589 3453 2585 3520; baseline -0.002 -15"><span class='ocrx_word' id='word_1_451' title='bbox 589 3457 791 3505; x_wconf 89' lang='lat' dir='ltr'>mavult</span> <span class='ocrx_word' id='word_1_452' title='bbox 828 3456 1039 3504; x_wconf 87' lang='lat' dir='ltr'>nomine</span> <span class='ocrx_word' id='word_1_453' title='bbox 1100 3457 1166 3505; x_wconf 89' lang='lat'>35</span> <span class='ocrx_word' id='word_1_454' title='bbox 1200 3465 1251 3504; x_wconf 90' lang='lat'>18</span> <span class='ocrx_word' id='word_1_455' title='bbox 1285 3456 1520 3520; x_wconf 87' lang='lat' dir='ltr'>praemia</span> <span class='ocrx_word' id='word_1_456' title='bbox 1556 3460 1647 3505; x_wconf 89' lang='lat' dir='ltr'>aut</span> <span class='ocrx_word' id='word_1_457' title='bbox 1674 3494 1683 3504; x_wconf 94' lang='lat'><strong>.</strong></span> <span class='ocrx_word' id='word_1_458' title='bbox 1715 3494 1725 3504; x_wconf 95' lang='lat'><strong>.</strong></span> <span class='ocrx_word' id='word_1_459' title='bbox 1756 3494 1765 3503; x_wconf 95' lang='lat'><strong>.</strong></span> <span class='ocrx_word' id='word_1_460' title='bbox 1796 3455 2078 3503; x_wconf 87' lang='lat' dir='ltr'>electiones</span> <span class='ocrx_word' id='word_1_461' title='bbox 2117 3459 2208 3503; x_wconf 91' lang='lat' dir='ltr'>aut</span> <span class='ocrx_word' id='word_1_462' title='bbox 2234 3493 2244 3503; x_wconf 93' lang='lat'><strong>.</strong></span> <span class='ocrx_word' id='word_1_463' title='bbox 2275 3492 2285 3503; x_wconf 91' lang='lat'><strong>.</strong></span> <span class='ocrx_word' id='word_1_464' title='bbox 2315 3492 2326 3503; x_wconf 93' lang='lat'><strong>.</strong></span> <span class='ocrx_word' id='word_1_465' title='bbox 2354 3453 2585 3502; x_wconf 88' lang='lat' dir='ltr'>remedia</span> 
     </span>
     <span class='ocr_line' id='line_1_40' title="bbox 589 3536 2583 3603; baseline -0.003 -15"><span class='ocrx_word' id='word_1_466' title='bbox 589 3544 680 3588; x_wconf 89' lang='lat' dir='ltr'>aut</span> <span class='ocrx_word' id='word_1_467' title='bbox 718 3539 956 3588; x_wconf 90' lang='lat' dir='ltr'>incesta.</span> <span class='ocrx_word' id='word_1_468' title='bbox 987 3577 996 3586; x_wconf 92' lang='lat'><strong>.</strong></span> <span class='ocrx_word' id='word_1_469' title='bbox 1029 3577 1038 3587; x_wconf 90' lang='lat'><strong>.</strong></span> <span class='ocrx_word' id='word_1_470' title='bbox 1068 3544 1159 3592; x_wconf 87' lang='lat' dir='ltr'>aut</span> <span class='ocrx_word' id='word_1_471' title='bbox 1197 3539 1458 3603; x_wconf 88' lang='lat' dir='ltr'>quidquid</span> <span class='ocrx_word' id='word_1_472' title='bbox 1494 3538 1708 3588; x_wconf 82' lang='lat' dir='ltr'>aliud¹²2</span> <span class='ocrx_word' id='word_1_473' title='bbox 1767 3539 1834 3586; x_wconf 91' lang='lat' dir='ltr'>H.</span> <span class='ocrx_word' id='word_1_474' title='bbox 1877 3539 1904 3586; x_wconf 92' lang='lat' dir='ltr'><strong>I</strong></span> <span class='ocrx_word' id='word_1_475' title='bbox 1943 3539 2009 3587; x_wconf 89' lang='lat'>63</span> <span class='ocrx_word' id='word_1_476' title='bbox 2047 3537 2262 3586; x_wconf 80' lang='lat' dir='ltr'>feminis</span> <span class='ocrx_word' id='word_1_477' title='bbox 2302 3536 2583 3600; x_wconf 88' lang='lat' dir='ltr'>puerisque</span> 
     </span>
    </p>
   </div>
   <div class='ocr_carea' id='block_1_3' title="bbox 964 3647 2208 3701">
    <p class='ocr_par' dir='ltr' id='par_1_5' title="bbox 964 3647 2208 3701">
     <span class='ocr_line' id='line_1_41' title="bbox 964 3647 2208 3701; baseline -0.002 -12"><span class='ocrx_word' id='word_1_478' title='bbox 964 3649 1017 3676; x_wconf 85' lang='lat'>112</span> <span class='ocrx_word' id='word_1_479' title='bbox 1038 3650 1179 3689; x_wconf 90' lang='lat' dir='ltr'>These</span> <span class='ocrx_word' id='word_1_480' title='bbox 1200 3661 1407 3701; x_wconf 87' lang='lat' dir='ltr'>passages</span> <span class='ocrx_word' id='word_1_481' title='bbox 1429 3660 1503 3690; x_wconf 87' lang='lat' dir='ltr'>are</span> <span class='ocrx_word' id='word_1_482' title='bbox 1526 3649 1714 3690; x_wconf 86' lang='lat' dir='ltr'>omitted</span> <span class='ocrx_word' id='word_1_483' title='bbox 1736 3649 1783 3688; x_wconf 89' lang='lat' dir='ltr'>in</span> <span class='ocrx_word' id='word_1_484' title='bbox 1805 3647 2103 3688; x_wconf 81' lang='lat' dir='ltr'>Weinkauff&#39;s</span> <span class='ocrx_word' id='word_1_485' title='bbox 2123 3647 2208 3687; x_wconf 89' lang='lat' dir='ltr'>list.</span> 
     </span>
    </p>
   </div>
  </div>
 </body>
</html>
