<?xml version="1.0" encoding="UTF-8"?>
<!DOCTYPE html PUBLIC "-//W3C//DTD XHTML 1.0 Transitional//EN"
    "http://www.w3.org/TR/xhtml1/DTD/xhtml1-transitional.dtd">
<html xmlns="http://www.w3.org/1999/xhtml" xml:lang="en" lang="en">
 <head>
  <title>
</title>
<meta http-equiv="Content-Type" content="text/html;charset=utf-8" />
  <meta name='ocr-system' content='tesseract 3.04.00' />
  <meta name='ocr-capabilities' content='ocr_page ocr_carea ocr_par ocr_line ocrx_word'/>
</head>
<body>
  <div class='ocr_page' id='page_1' title='image "./pcorneliitacitid00taciuoft_0115.png"; bbox 0 0 2716 3964; ppageno 0'>
   <div class='ocr_carea' id='block_1_1' title="bbox 0 0 55 1379">
    <p class='ocr_par' dir='ltr' id='par_1_1' title="bbox 0 0 55 1379">
     <span class='ocr_line' id='line_1_1' title="bbox 0 0 55 1379; baseline 0 0"><span class='ocrx_word' id='word_1_1' title='bbox 0 0 55 1379; x_wconf 95' lang='lat' dir='ltr'> </span> 
     </span>
    </p>
   </div>
   <div class='ocr_carea' id='block_1_2' title="bbox 868 242 2100 299">
    <p class='ocr_par' dir='ltr' id='par_1_2' title="bbox 868 242 2100 299">
     <span class='ocr_line' id='line_1_2' title="bbox 868 242 2100 299; baseline -0.003 -1"><span class='ocrx_word' id='word_1_2' title='bbox 868 257 1338 299; x_wconf 82' lang='lat' dir='ltr'>PROLEGOMENA.</span> <span class='ocrx_word' id='word_1_3' title='bbox 1527 289 1531 292; x_wconf 87' lang='lat'>.</span> <span class='ocrx_word' id='word_1_4' title='bbox 1966 242 2100 296; x_wconf 83' lang='lat' dir='ltr'>exiii</span> 
     </span>
    </p>
   </div>
   <div class='ocr_carea' id='block_1_3' title="bbox 496 401 2105 1218">
    <p class='ocr_par' dir='ltr' id='par_1_3' title="bbox 496 401 2105 1218">
     <span class='ocr_line' id='line_1_3' title="bbox 580 401 2100 455; baseline -0.003 -10"><span class='ocrx_word' id='word_1_5' title='bbox 580 419 623 454; x_wconf 83' lang='grc' dir='ltr'>-γ,</span> <span class='ocrx_word' id='word_1_6' title='bbox 661 403 982 455; x_wconf 88' lang='lat' dir='ltr'>Approaching</span> <span class='ocrx_word' id='word_1_7' title='bbox 1014 414 1041 443; x_wconf 88' lang='lat' dir='ltr'>a</span> <span class='ocrx_word' id='word_1_8' title='bbox 1074 402 1225 442; x_wconf 90' lang='lat' dir='ltr'>causal</span> <span class='ocrx_word' id='word_1_9' title='bbox 1261 403 1414 442; x_wconf 85' lang='lat' dir='ltr'>‘cum’</span> <span class='ocrx_word' id='word_1_10' title='bbox 1450 402 1496 442; x_wconf 91' lang='lat' dir='ltr'>in</span> <span class='ocrx_word' id='word_1_11' title='bbox 1527 402 1751 453; x_wconf 85' lang='lat' dir='ltr'>meaning,</span> <span class='ocrx_word' id='word_1_12' title='bbox 1784 402 1894 442; x_wconf 85' lang='lat' dir='ltr'>with</span> <span class='ocrx_word' id='word_1_13' title='bbox 1928 401 2018 441; x_wconf 90' lang='lat' dir='ltr'>ind.</span> <span class='ocrx_word' id='word_1_14' title='bbox 2053 401 2100 440; x_wconf 88' lang='lat' dir='ltr'>in</span> 
     </span>
     <span class='ocr_line' id='line_1_4' title="bbox 662 471 1281 522; baseline -0.003 -10"><span class='ocrx_word' id='word_1_15' title='bbox 662 473 806 513; x_wconf 90' lang='lat' dir='ltr'>oratio</span> <span class='ocrx_word' id='word_1_16' title='bbox 827 471 1006 522; x_wconf 87' lang='lat' dir='ltr'>obliqua</span> <span class='ocrx_word' id='word_1_17' title='bbox 1025 487 1034 511; x_wconf 91' lang='lat'><strong>:</strong></span> <span class='ocrx_word' id='word_1_18' title='bbox 1064 472 1127 511; x_wconf 86' lang='lat' dir='ltr'>*c.</span> <span class='ocrx_word' id='word_1_19' title='bbox 1154 471 1206 510; x_wconf 84' lang='lat'>32</span> <span class='ocrx_word' id='word_1_20' title='bbox 1227 479 1281 511; x_wconf 90' lang='grc'>33.</span> 
     </span>
     <span class='ocr_line' id='line_1_5' title="bbox 581 539 2015 583; baseline -0.004 0"><span class='ocrx_word' id='word_1_21' title='bbox 581 546 614 583; x_wconf 89' lang='grc' dir='ltr'>δ.</span> <span class='ocrx_word' id='word_1_22' title='bbox 661 542 769 582; x_wconf 84' lang='grc'>(111111</span> <span class='ocrx_word' id='word_1_23' title='bbox 789 540 953 581; x_wconf 88' lang='lat' dir='ltr'>modo:</span> <span class='ocrx_word' id='word_1_24' title='bbox 982 541 1046 580; x_wconf 85' lang='grc'>*0.</span> <span class='ocrx_word' id='word_1_25' title='bbox 1071 541 1126 580; x_wconf 86' lang='grc'>25</span> <span class='ocrx_word' id='word_1_26' title='bbox 1149 547 1170 579; x_wconf 88' lang='grc'>6</span> <span class='ocrx_word' id='word_1_27' title='bbox 1209 540 1259 581; x_wconf 89' lang='lat' dir='ltr'>G.</span> <span class='ocrx_word' id='word_1_28' title='bbox 1285 541 1324 581; x_wconf 88' lang='lat'>6.</span> <span class='ocrx_word' id='word_1_29' title='bbox 1387 542 1477 581; x_wconf 88' lang='lat' dir='ltr'>Not</span> <span class='ocrx_word' id='word_1_30' title='bbox 1497 541 1733 581; x_wconf 83' lang='lat' dir='ltr'>elsewhere</span> <span class='ocrx_word' id='word_1_31' title='bbox 1754 540 1800 579; x_wconf 92' lang='lat' dir='ltr'>in</span> <span class='ocrx_word' id='word_1_32' title='bbox 1822 539 2015 579; x_wconf 80' lang='lat' dir='ltr'><strong>Tacitus.</strong></span> 
     </span>
     <span class='ocr_line' id='line_1_6' title="bbox 497 607 1905 664; baseline -0.004 -11"><span class='ocrx_word' id='word_1_33' title='bbox 497 625 535 664; x_wconf 82' lang='lat' dir='ltr'>q.</span> <span class='ocrx_word' id='word_1_34' title='bbox 581 623 731 652; x_wconf 65' lang='lat' dir='ltr'>nonno</span> <span class='ocrx_word' id='word_1_35' title='bbox 752 626 763 651; x_wconf 75' lang='grc' dir='ltr'><strong><em>ε</em></strong></span> <span class='ocrx_word' id='word_1_36' title='bbox 798 613 809 633; x_wconf 89' lang='lat'>‘</span> <span class='ocrx_word' id='word_1_37' title='bbox 824 621 873 650; x_wconf 83' lang='lat' dir='ltr'>as</span> <span class='ocrx_word' id='word_1_38' title='bbox 892 609 999 661; x_wconf 88' lang='lat' dir='ltr'>long</span> <span class='ocrx_word' id='word_1_39' title='bbox 1018 610 1098 658; x_wconf 87' lang='lat' dir='ltr'>as,&#39;</span> <span class='ocrx_word' id='word_1_40' title='bbox 1122 610 1232 649; x_wconf 85' lang='lat' dir='ltr'>with</span> <span class='ocrx_word' id='word_1_41' title='bbox 1253 610 1365 660; x_wconf 79' lang='lat' dir='ltr'>perf.</span> <span class='ocrx_word' id='word_1_42' title='bbox 1392 610 1506 650; x_wconf 84' lang='lat' dir='ltr'>ind.:</span> <span class='ocrx_word' id='word_1_43' title='bbox 1536 611 1600 650; x_wconf 85' lang='lat' dir='ltr'>*c.</span> <span class='ocrx_word' id='word_1_44' title='bbox 1626 610 1652 649; x_wconf 89' lang='lat'>8</span> <span class='ocrx_word' id='word_1_45' title='bbox 1671 617 1712 650; x_wconf 84' lang='grc'>17</span> <span class='ocrx_word' id='word_1_46' title='bbox 1739 609 1794 648; x_wconf 90' lang='grc'>40</span> <span class='ocrx_word' id='word_1_47' title='bbox 1813 615 1855 647; x_wconf 88' lang='grc' dir='ltr'>2ο</span> <span class='ocrx_word' id='word_1_48' title='bbox 1874 607 1905 648; x_wconf 79' lang='lat' dir='ltr'>f.</span> 
     </span>
     <span class='ocr_line' id='line_1_7' title="bbox 496 678 1717 731; baseline -0.002 -10"><span class='ocrx_word' id='word_1_49' title='bbox 496 694 532 722; x_wconf 86' lang='lat' dir='ltr'>r.</span> <span class='ocrx_word' id='word_1_50' title='bbox 581 693 636 720; x_wconf 76' lang='lat' dir='ltr'>ur</span> <span class='ocrx_word' id='word_1_51' title='bbox 657 698 710 714; x_wconf 93' lang='lat'>=</span> <span class='ocrx_word' id='word_1_52' title='bbox 730 690 848 728; x_wconf 89' lang='lat' dir='ltr'>cum,</span> <span class='ocrx_word' id='word_1_53' title='bbox 873 678 983 718; x_wconf 88' lang='lat' dir='ltr'>with</span> <span class='ocrx_word' id='word_1_54' title='bbox 1002 678 1117 718; x_wconf 90' lang='lat' dir='ltr'>ind.:</span> <span class='ocrx_word' id='word_1_55' title='bbox 1147 682 1199 717; x_wconf 92' lang='lat' dir='ltr'>ut</span> <span class='ocrx_word' id='word_1_56' title='bbox 1218 678 1355 718; x_wconf 88' lang='lat' dir='ltr'>semel</span> <span class='ocrx_word' id='word_1_57' title='bbox 1374 679 1487 718; x_wconf 91' lang='lat' dir='ltr'>vidit</span> <span class='ocrx_word' id='word_1_58' title='bbox 1510 679 1564 731; x_wconf 90' lang='grc'>(0,</span> <span class='ocrx_word' id='word_1_59' title='bbox 1591 679 1643 718; x_wconf 89' lang='grc'>10</span> <span class='ocrx_word' id='word_1_60' title='bbox 1664 678 1717 731; x_wconf 89' lang='grc'>8).</span> 
     </span>
     <span class='ocr_line' id='line_1_8' title="bbox 496 762 767 799; baseline -0.007 -9"><span class='ocrx_word' id='word_1_61' title='bbox 496 762 530 790; x_wconf 80' lang='lat'>8.</span> <span class='ocrx_word' id='word_1_62' title='bbox 579 763 634 799; x_wconf 87' lang='lat' dir='ltr'>S1,</span> <span class='ocrx_word' id='word_1_63' title='bbox 662 762 767 789; x_wconf 79' lang='lat' dir='ltr'>NISI.</span> 
     </span>
     <span class='ocr_line' id='line_1_9' title="bbox 579 815 2104 868; baseline -0.002 -9"><span class='ocrx_word' id='word_1_64' title='bbox 579 835 617 859; x_wconf 87' lang='grc' dir='ltr'>α.</span> <span class='ocrx_word' id='word_1_65' title='bbox 661 820 847 859; x_wconf 74' lang='lat' dir='ltr'>Pmsent</span> <span class='ocrx_word' id='word_1_66' title='bbox 877 816 990 868; x_wconf 89' lang='lat' dir='ltr'>subj.</span> <span class='ocrx_word' id='word_1_67' title='bbox 1016 817 1064 856; x_wconf 91' lang='lat' dir='ltr'>in</span> <span class='ocrx_word' id='word_1_68' title='bbox 1092 818 1282 868; x_wconf 87' lang='lat' dir='ltr'>protasis</span> <span class='ocrx_word' id='word_1_69' title='bbox 1306 817 1396 858; x_wconf 91' lang='lat' dir='ltr'>and</span> <span class='ocrx_word' id='word_1_70' title='bbox 1423 817 1658 868; x_wconf 87' lang='lat' dir='ltr'>apodosis:</span> <span class='ocrx_word' id='word_1_71' title='bbox 1689 829 1726 857; x_wconf 88' lang='grc'>0.</span> <span class='ocrx_word' id='word_1_72' title='bbox 1754 817 1804 858; x_wconf 89' lang='grc'>16</span> <span class='ocrx_word' id='word_1_73' title='bbox 1824 824 1867 857; x_wconf 84' lang='grc'>25</span> <span class='ocrx_word' id='word_1_74' title='bbox 1895 817 1948 856; x_wconf 91' lang='grc'>26</span> <span class='ocrx_word' id='word_1_75' title='bbox 1963 823 1984 855; x_wconf 92' lang='grc'>2</span> <span class='ocrx_word' id='word_1_76' title='bbox 2013 815 2104 857; x_wconf 91' lang='lat' dir='ltr'>and</span> 
     </span>
     <span class='ocr_line' id='line_1_10' title="bbox 660 886 1156 939; baseline -0.006 -11"><span class='ocrx_word' id='word_1_77' title='bbox 660 889 745 939; x_wconf 86' lang='lat' dir='ltr'>Ag.</span> <span class='ocrx_word' id='word_1_78' title='bbox 770 888 824 927; x_wconf 89' lang='lat'>46</span> <span class='ocrx_word' id='word_1_79' title='bbox 856 887 977 926; x_wconf 88' lang='lat' dir='ltr'>Ann.</span> <span class='ocrx_word' id='word_1_80' title='bbox 1000 886 1071 926; x_wconf 89' lang='grc' dir='ltr'>ΙΙΙ</span> <span class='ocrx_word' id='word_1_81' title='bbox 1091 886 1156 926; x_wconf 85' lang='grc'>54.</span> 
     </span>
     <span class='ocr_line' id='line_1_11' title="bbox 578 955 2103 1008; baseline -0.001 -10"><span class='ocrx_word' id='word_1_82' title='bbox 578 962 619 1008; x_wconf 91' lang='grc' dir='ltr'>β.</span> <span class='ocrx_word' id='word_1_83' title='bbox 663 957 888 998; x_wconf 89' lang='lat' dir='ltr'>Potential</span> <span class='ocrx_word' id='word_1_84' title='bbox 909 955 1021 1008; x_wconf 80' lang='lat' dir='ltr'>perf.</span> <span class='ocrx_word' id='word_1_85' title='bbox 1047 955 1159 1007; x_wconf 85' lang='lat' dir='ltr'>subj.</span> <span class='ocrx_word' id='word_1_86' title='bbox 1186 956 1233 995; x_wconf 89' lang='lat' dir='ltr'>in</span> <span class='ocrx_word' id='word_1_87' title='bbox 1257 957 1464 1007; x_wconf 88' lang='lat' dir='ltr'>apodosis</span> <span class='ocrx_word' id='word_1_88' title='bbox 1493 956 1540 996; x_wconf 82' lang='lat' dir='ltr'>of</span> <span class='ocrx_word' id='word_1_89' title='bbox 1569 968 1628 996; x_wconf 91' lang='lat' dir='ltr'>an</span> <span class='ocrx_word' id='word_1_90' title='bbox 1655 955 1814 996; x_wconf 90' lang='lat' dir='ltr'>unreal</span> <span class='ocrx_word' id='word_1_91' title='bbox 1844 955 2103 996; x_wconf 73' lang='lat' dir='ltr'>conditionz</span> 
     </span>
     <span class='ocr_line' id='line_1_12' title="bbox 662 1025 1988 1078; baseline -0.002 -11"><span class='ocrx_word' id='word_1_92' title='bbox 662 1039 698 1068; x_wconf 90' lang='lat' dir='ltr'>c.</span> <span class='ocrx_word' id='word_1_93' title='bbox 723 1027 810 1068; x_wconf 87' lang='lat'>319</span> <span class='ocrx_word' id='word_1_94' title='bbox 841 1027 1002 1078; x_wconf 89' lang='lat' dir='ltr'>quibus</span> <span class='ocrx_word' id='word_1_95' title='bbox 1021 1026 1099 1066; x_wconf 87' lang='lat' dir='ltr'>vix</span> <span class='ocrx_word' id='word_1_96' title='bbox 1119 1025 1346 1066; x_wconf 83' lang='lat' dir='ltr'>suffeceris</span> <span class='ocrx_word' id='word_1_97' title='bbox 1368 1056 1377 1065; x_wconf 92' lang='lat'>.</span> <span class='ocrx_word' id='word_1_98' title='bbox 1405 1057 1414 1067; x_wconf 94' lang='lat'>.</span> <span class='ocrx_word' id='word_1_99' title='bbox 1441 1057 1450 1066; x_wconf 95' lang='lat'>.</span> <span class='ocrx_word' id='word_1_100' title='bbox 1477 1026 1612 1066; x_wconf 88' lang='lat' dir='ltr'>etiam</span> <span class='ocrx_word' id='word_1_101' title='bbox 1631 1026 1670 1065; x_wconf 92' lang='lat' dir='ltr'>si</span> <span class='ocrx_word' id='word_1_102' title='bbox 1689 1026 1988 1076; x_wconf 86' lang='lat' dir='ltr'>importasses.</span> 
     </span>
     <span class='ocr_line' id='line_1_13' title="bbox 578 1094 2105 1147; baseline -0.003 -9"><span class='ocrx_word' id='word_1_103' title='bbox 578 1111 620 1146; x_wconf 79' lang='grc' dir='ltr'>γ.</span> <span class='ocrx_word' id='word_1_104' title='bbox 657 1097 751 1136; x_wconf 88' lang='lat' dir='ltr'>The</span> <span class='ocrx_word' id='word_1_105' title='bbox 773 1096 979 1147; x_wconf 87' lang='lat' dir='ltr'>apodosis</span> <span class='ocrx_word' id='word_1_106' title='bbox 999 1096 1037 1135; x_wconf 92' lang='lat' dir='ltr'>is</span> <span class='ocrx_word' id='word_1_107' title='bbox 1056 1107 1083 1136; x_wconf 91' lang='lat' dir='ltr'>a</span> <span class='ocrx_word' id='word_1_108' title='bbox 1101 1096 1257 1145; x_wconf 81' lang='lat' dir='ltr'>future</span> <span class='ocrx_word' id='word_1_109' title='bbox 1270 1096 1534 1145; x_wconf 78' lang='lat' dir='ltr'>participle:</span> <span class='ocrx_word' id='word_1_110' title='bbox 1562 1095 1811 1145; x_wconf 89' lang='lat' dir='ltr'>habiturus,</span> <span class='ocrx_word' id='word_1_111' title='bbox 1835 1095 1898 1135; x_wconf 93' lang='lat' dir='ltr'>si.</span> <span class='ocrx_word' id='word_1_112' title='bbox 1921 1126 1930 1135; x_wconf 88' lang='lat'>.</span> <span class='ocrx_word' id='word_1_113' title='bbox 1953 1124 1962 1134; x_wconf 88' lang='lat'>.</span> <span class='ocrx_word' id='word_1_114' title='bbox 1983 1094 2105 1134; x_wconf 88' lang='lat' dir='ltr'>vide-</span> 
     </span>
     <span class='ocr_line' id='line_1_14' title="bbox 661 1165 1091 1218; baseline 0.002 -13"><span class='ocrx_word' id='word_1_115' title='bbox 661 1169 786 1205; x_wconf 87' lang='lat' dir='ltr'>retur</span> <span class='ocrx_word' id='word_1_116' title='bbox 809 1166 889 1218; x_wconf 78' lang='grc'><strong>(*0.</strong></span> <span class='ocrx_word' id='word_1_117' title='bbox 914 1166 938 1204; x_wconf 98' lang='grc'>2</span> <span class='ocrx_word' id='word_1_118' title='bbox 961 1173 1002 1205; x_wconf 97' lang='grc'>16</span> <span class='ocrx_word' id='word_1_119' title='bbox 1021 1165 1091 1218; x_wconf 71' lang='grc'>1.).</span> 
     </span>
    </p>
   </div>
   <div class='ocr_carea' id='block_1_4' title="bbox 581 1228 2172 1285">
    <p class='ocr_par' dir='ltr' id='par_1_4' title="bbox 581 1228 2172 1285">
     <span class='ocr_line' id='line_1_15' title="bbox 581 1228 2172 1285; baseline -0.001 -10"><span class='ocrx_word' id='word_1_120' title='bbox 581 1238 615 1275; x_wconf 88' lang='grc' dir='ltr'>δ.</span> <span class='ocrx_word' id='word_1_121' title='bbox 660 1235 781 1284; x_wconf 81' lang='lat' dir='ltr'>Pers.</span> <span class='ocrx_word' id='word_1_122' title='bbox 818 1235 922 1285; x_wconf 73' lang='lat' dir='ltr'>subj.</span> <span class='ocrx_word' id='word_1_123' title='bbox 956 1235 1003 1274; x_wconf 93' lang='lat' dir='ltr'>in</span> <span class='ocrx_word' id='word_1_124' title='bbox 1033 1233 1308 1275; x_wconf 79' lang='lat' dir='ltr'>conditional</span> <span class='ocrx_word' id='word_1_125' title='bbox 1342 1234 1526 1274; x_wconf 75' lang='lat' dir='ltr'>relative</span> <span class='ocrx_word' id='word_1_126' title='bbox 1556 1233 1718 1284; x_wconf 92' lang='lat' dir='ltr'>clause,</span> <span class='ocrx_word' id='word_1_127' title='bbox 1752 1234 2011 1285; x_wconf 88' lang='lat' dir='ltr'>expressing</span> <span class='ocrx_word' id='word_1_128' title='bbox 2038 1245 2106 1273; x_wconf 84' lang='lat' dir='ltr'>re·</span> <span class='ocrx_word' id='word_1_129' title='bbox 2163 1228 2172 1236; x_wconf 76' lang='lat'><strong><em>‘</em></strong></span> 
     </span>
    </p>
   </div>
   <div class='ocr_carea' id='block_1_5' title="bbox 579 1303 2108 1909">
    <p class='ocr_par' dir='ltr' id='par_1_5' title="bbox 579 1303 2108 1909">
     <span class='ocr_line' id='line_1_16' title="bbox 662 1303 2100 1356; baseline -0.001 -12"><span class='ocrx_word' id='word_1_130' title='bbox 662 1304 823 1355; x_wconf 91' lang='lat' dir='ltr'>peated</span> <span class='ocrx_word' id='word_1_131' title='bbox 853 1305 1031 1344; x_wconf 87' lang='lat' dir='ltr'>action:</span> <span class='ocrx_word' id='word_1_132' title='bbox 1068 1304 1126 1344; x_wconf 88' lang='lat' dir='ltr'>ad</span> <span class='ocrx_word' id='word_1_133' title='bbox 1157 1315 1346 1354; x_wconf 93' lang='lat' dir='ltr'>quorum</span> <span class='ocrx_word' id='word_1_134' title='bbox 1377 1315 1509 1343; x_wconf 90' lang='lat' dir='ltr'>aures</span> <span class='ocrx_word' id='word_1_135' title='bbox 1537 1303 1823 1354; x_wconf 90' lang='lat' dir='ltr'>pervenerint</span> <span class='ocrx_word' id='word_1_136' title='bbox 1847 1304 1926 1356; x_wconf 84' lang='lat' dir='ltr'>(*c.</span> <span class='ocrx_word' id='word_1_137' title='bbox 1954 1303 2005 1342; x_wconf 89' lang='lat'>14</span> <span class='ocrx_word' id='word_1_138' title='bbox 2024 1303 2100 1356; x_wconf 85' lang='grc' dir='ltr'>2ο).</span> 
     </span>
     <span class='ocr_line' id='line_1_17' title="bbox 667 1372 2100 1423; baseline -0.001 -10"><span class='ocrx_word' id='word_1_139' title='bbox 667 1374 1008 1413; x_wconf 87' lang='lat' dir='ltr'>‘Pervenerint’</span> <span class='ocrx_word' id='word_1_140' title='bbox 1034 1384 1154 1423; x_wconf 91' lang='lat' dir='ltr'>may,</span> <span class='ocrx_word' id='word_1_141' title='bbox 1179 1373 1398 1423; x_wconf 85' lang='lat' dir='ltr'>however,</span> <span class='ocrx_word' id='word_1_142' title='bbox 1423 1373 1478 1412; x_wconf 90' lang='lat' dir='ltr'>be</span> <span class='ocrx_word' id='word_1_143' title='bbox 1503 1373 1742 1413; x_wconf 90' lang='lat' dir='ltr'>construed</span> <span class='ocrx_word' id='word_1_144' title='bbox 1763 1384 1812 1413; x_wconf 91' lang='lat' dir='ltr'>as</span> <span class='ocrx_word' id='word_1_145' title='bbox 1831 1384 1859 1413; x_wconf 91' lang='lat' dir='ltr'>a</span> <span class='ocrx_word' id='word_1_146' title='bbox 1877 1372 1961 1412; x_wconf 82' lang='lat' dir='ltr'>fut.</span> <span class='ocrx_word' id='word_1_147' title='bbox 1987 1372 2100 1423; x_wconf 82' lang='lat' dir='ltr'>perf.</span> 
     </span>
     <span class='ocr_line' id='line_1_18' title="bbox 579 1441 2106 1493; baseline -0.001 -10"><span class='ocrx_word' id='word_1_148' title='bbox 579 1459 609 1485; x_wconf 81' lang='grc' dir='ltr'>ε.</span> <span class='ocrx_word' id='word_1_149' title='bbox 660 1443 750 1483; x_wconf 77' lang='lat' dir='ltr'>nisi</span> <span class='ocrx_word' id='word_1_150' title='bbox 785 1442 902 1483; x_wconf 82' lang='lat' dir='ltr'>after</span> <span class='ocrx_word' id='word_1_151' title='bbox 936 1442 1216 1493; x_wconf 86' lang='lat' dir='ltr'>expressions</span> <span class='ocrx_word' id='word_1_152' title='bbox 1248 1441 1338 1481; x_wconf 88' lang='lat' dir='ltr'>like</span> <span class='ocrx_word' id='word_1_153' title='bbox 1373 1446 1383 1465; x_wconf 88' lang='lat'>‘</span> <span class='ocrx_word' id='word_1_154' title='bbox 1398 1454 1558 1492; x_wconf 83' lang='lat' dir='ltr'>parum</span> <span class='ocrx_word' id='word_1_155' title='bbox 1593 1444 1692 1492; x_wconf 88' lang='lat' dir='ltr'>est,’</span> <span class='ocrx_word' id='word_1_156' title='bbox 1726 1442 1773 1481; x_wconf 89' lang='lat' dir='ltr'>in</span> <span class='ocrx_word' id='word_1_157' title='bbox 1805 1442 1931 1493; x_wconf 89' lang='lat' dir='ltr'>place</span> <span class='ocrx_word' id='word_1_158' title='bbox 1966 1441 2013 1482; x_wconf 81' lang='lat' dir='ltr'>of</span> <span class='ocrx_word' id='word_1_159' title='bbox 2046 1454 2106 1482; x_wconf 91' lang='grc'>311</span> 
     </span>
     <span class='ocr_line' id='line_1_19' title="bbox 662 1511 2099 1563; baseline 0 -12"><span class='ocrx_word' id='word_1_160' title='bbox 662 1512 940 1552; x_wconf 79' lang='lat' dir='ltr'>adversative</span> <span class='ocrx_word' id='word_1_161' title='bbox 981 1512 1241 1552; x_wconf 74' lang='lat' dir='ltr'>coordinate</span> <span class='ocrx_word' id='word_1_162' title='bbox 1285 1511 1462 1552; x_wconf 88' lang='lat' dir='ltr'>clause:</span> <span class='ocrx_word' id='word_1_163' title='bbox 1512 1523 1615 1551; x_wconf 92' lang='lat' dir='ltr'>cum</span> <span class='ocrx_word' id='word_1_164' title='bbox 1652 1523 1813 1563; x_wconf 92' lang='lat' dir='ltr'>parum</span> <span class='ocrx_word' id='word_1_165' title='bbox 1852 1514 1967 1552; x_wconf 87' lang='lat' dir='ltr'>esset</span> <span class='ocrx_word' id='word_1_166' title='bbox 1996 1541 2007 1552; x_wconf 88' lang='lat'>.</span> <span class='ocrx_word' id='word_1_167' title='bbox 2043 1540 2053 1552; x_wconf 86' lang='lat'>.</span> <span class='ocrx_word' id='word_1_168' title='bbox 2089 1541 2099 1552; x_wconf 88' lang='lat'>.</span> 
     </span>
     <span class='ocr_line' id='line_1_20' title="bbox 661 1580 1888 1635; baseline 0.001 -14"><span class='ocrx_word' id='word_1_169' title='bbox 661 1582 857 1621; x_wconf 88' lang='lat' dir='ltr'>breviter</span> <span class='ocrx_word' id='word_1_170' title='bbox 876 1592 1071 1631; x_wconf 90' lang='lat' dir='ltr'>censere,</span> <span class='ocrx_word' id='word_1_171' title='bbox 1096 1581 1183 1620; x_wconf 91' lang='lat' dir='ltr'>nisi</span> <span class='ocrx_word' id='word_1_172' title='bbox 1204 1580 1281 1632; x_wconf 90' lang='lat' dir='ltr'>qui</span> <span class='ocrx_word' id='word_1_173' title='bbox 1302 1612 1311 1621; x_wconf 88' lang='lat'>.</span> <span class='ocrx_word' id='word_1_174' title='bbox 1339 1612 1348 1621; x_wconf 96' lang='lat'>.</span> <span class='ocrx_word' id='word_1_175' title='bbox 1376 1611 1385 1620; x_wconf 87' lang='lat'>.</span> <span class='ocrx_word' id='word_1_176' title='bbox 1411 1585 1614 1621; x_wconf 89' lang='lat' dir='ltr'>tueretur</span> <span class='ocrx_word' id='word_1_177' title='bbox 1636 1581 1716 1635; x_wconf 87' lang='grc'><strong>(*0.</strong></span> <span class='ocrx_word' id='word_1_178' title='bbox 1741 1581 1794 1621; x_wconf 88' lang='grc'>36</span> <span class='ocrx_word' id='word_1_179' title='bbox 1814 1581 1888 1634; x_wconf 90' lang='grc'>26).</span> 
     </span>
     <span class='ocr_line' id='line_1_21' title="bbox 660 1650 1490 1701; baseline 0.001 -11"><span class='ocrx_word' id='word_1_180' title='bbox 660 1651 750 1691; x_wconf 74' lang='lat' dir='ltr'>nisi</span> <span class='ocrx_word' id='word_1_181' title='bbox 770 1650 891 1700; x_wconf 77' lang='lat' dir='ltr'>forte</span> <span class='ocrx_word' id='word_1_182' title='bbox 911 1681 920 1691; x_wconf 91' lang='lat'>.</span> <span class='ocrx_word' id='word_1_183' title='bbox 949 1681 957 1690; x_wconf 95' lang='lat'>.</span> <span class='ocrx_word' id='word_1_184' title='bbox 985 1682 995 1692; x_wconf 89' lang='lat'>.</span> <span class='ocrx_word' id='word_1_185' title='bbox 1020 1651 1110 1690; x_wconf 73' lang='lat' dir='ltr'>‘nisi</span> <span class='ocrx_word' id='word_1_186' title='bbox 1139 1651 1242 1701; x_wconf 80' lang='lat' dir='ltr'>qui:</span> <span class='ocrx_word' id='word_1_187' title='bbox 1273 1651 1337 1690; x_wconf 85' lang='lat' dir='ltr'>*c.</span> <span class='ocrx_word' id='word_1_188' title='bbox 1363 1651 1413 1690; x_wconf 88' lang='lat'>21</span> <span class='ocrx_word' id='word_1_189' title='bbox 1436 1657 1490 1691; x_wconf 84' lang='lat'>24.</span> 
     </span>
     <span class='ocr_line' id='line_1_22' title="bbox 661 1719 1546 1770; baseline 0.001 -10"><span class='ocrx_word' id='word_1_190' title='bbox 661 1721 701 1760; x_wconf 79' lang='lat' dir='ltr'>si</span> <span class='ocrx_word' id='word_1_191' title='bbox 720 1720 853 1770; x_wconf 79' lang='lat' dir='ltr'>forte,</span> <span class='ocrx_word' id='word_1_192' title='bbox 878 1720 987 1760; x_wconf 87' lang='lat' dir='ltr'>with</span> <span class='ocrx_word' id='word_1_193' title='bbox 1007 1719 1144 1770; x_wconf 85' lang='lat' dir='ltr'>subj.:</span> <span class='ocrx_word' id='word_1_194' title='bbox 1174 1721 1238 1760; x_wconf 87' lang='grc'>*0.</span> <span class='ocrx_word' id='word_1_195' title='bbox 1264 1720 1317 1760; x_wconf 88' lang='grc'>27</span> <span class='ocrx_word' id='word_1_196' title='bbox 1334 1727 1355 1759; x_wconf 90' lang='grc'>8</span> <span class='ocrx_word' id='word_1_197' title='bbox 1384 1719 1436 1759; x_wconf 88' lang='grc'>32</span> <span class='ocrx_word' id='word_1_198' title='bbox 1459 1723 1546 1761; x_wconf 83' lang='lat' dir='ltr'>ext.</span> 
     </span>
     <span class='ocr_line' id='line_1_23' title="bbox 660 1789 1440 1836; baseline 0.001 -8"><span class='ocrx_word' id='word_1_199' title='bbox 660 1790 748 1830; x_wconf 83' lang='lat' dir='ltr'>sive</span> <span class='ocrx_word' id='word_1_200' title='bbox 766 1789 876 1829; x_wconf 89' lang='lat' dir='ltr'>with</span> <span class='ocrx_word' id='word_1_201' title='bbox 895 1789 1052 1829; x_wconf 89' lang='lat' dir='ltr'>indic.:</span> <span class='ocrx_word' id='word_1_202' title='bbox 1081 1790 1145 1829; x_wconf 88' lang='grc'>*0.</span> <span class='ocrx_word' id='word_1_203' title='bbox 1171 1789 1197 1828; x_wconf 91' lang='lat'>6</span> <span class='ocrx_word' id='word_1_204' title='bbox 1217 1796 1259 1827; x_wconf 86' lang='grc'>22</span> <span class='ocrx_word' id='word_1_205' title='bbox 1287 1789 1368 1828; x_wconf 89' lang='grc'>*28</span> <span class='ocrx_word' id='word_1_206' title='bbox 1388 1796 1440 1836; x_wconf 70' lang='grc'>27,</span> 
     </span>
     <span class='ocr_line' id='line_1_24' title="bbox 661 1858 2108 1909; baseline 0.001 -11"><span class='ocrx_word' id='word_1_207' title='bbox 661 1859 755 1898; x_wconf 90' lang='lat' dir='ltr'>The</span> <span class='ocrx_word' id='word_1_208' title='bbox 778 1859 974 1909; x_wconf 78' lang='lat' dir='ltr'>protasis</span> <span class='ocrx_word' id='word_1_209' title='bbox 1003 1858 1040 1898; x_wconf 92' lang='lat' dir='ltr'>is</span> <span class='ocrx_word' id='word_1_210' title='bbox 1069 1870 1128 1898; x_wconf 89' lang='lat' dir='ltr'>an</span> <span class='ocrx_word' id='word_1_211' title='bbox 1158 1859 1242 1909; x_wconf 82' lang='lat' dir='ltr'>adj.</span> <span class='ocrx_word' id='word_1_212' title='bbox 1252 1871 1265 1898; x_wconf 94' lang='grc'>.·</span> <span class='ocrx_word' id='word_1_213' title='bbox 1295 1863 1347 1898; x_wconf 90' lang='lat' dir='ltr'>ut</span> <span class='ocrx_word' id='word_1_214' title='bbox 1366 1858 1687 1908; x_wconf 73' lang='lat' dir='ltr'>sriqidissimos</span> <span class='ocrx_word' id='word_1_215' title='bbox 1713 1870 1887 1909; x_wconf 87' lang='lat' dir='ltr'>quoque</span> <span class='ocrx_word' id='word_1_216' title='bbox 1909 1862 2108 1900; x_wconf 91' lang='lat' dir='ltr'>oratores</span> 
     </span>
    </p>
   </div>
   <div class='ocr_carea' id='block_1_6' title="bbox 580 1655 618 1899">
    <p class='ocr_par' dir='ltr' id='par_1_6' title="bbox 580 1655 618 1899">
     <span class='ocr_line' id='line_1_25' title="bbox 580 1655 618 1899; textangle 90"><span class='ocrx_word' id='word_1_217' title='bbox 580 1655 618 1899; x_wconf 43' lang='lat' dir='ltr'>rsus-³³*</span> 
     </span>
    </p>
   </div>
   <div class='ocr_carea' id='block_1_7' title="bbox 579 1928 1970 2048">
    <p class='ocr_par' dir='ltr' id='par_1_7' title="bbox 579 1928 1970 2048">
     <span class='ocr_line' id='line_1_26' title="bbox 662 1928 1823 1981; baseline 0.001 -14"><span class='ocrx_word' id='word_1_218' title='bbox 662 1929 758 1979; x_wconf 88' lang='lat' dir='ltr'>ipsa</span> <span class='ocrx_word' id='word_1_219' title='bbox 778 1959 789 1970; x_wconf 89' lang='lat'>.</span> <span class='ocrx_word' id='word_1_220' title='bbox 815 1959 824 1968; x_wconf 94' lang='lat'>.</span> <span class='ocrx_word' id='word_1_221' title='bbox 853 1958 861 1967; x_wconf 96' lang='lat'>.</span> <span class='ocrx_word' id='word_1_222' title='bbox 887 1928 1037 1968; x_wconf 91' lang='lat' dir='ltr'>studia</span> <span class='ocrx_word' id='word_1_223' title='bbox 1057 1928 1295 1968; x_wconf 84' lang='lat' dir='ltr'>incendere</span> <span class='ocrx_word' id='word_1_224' title='bbox 1319 1928 1548 1978; x_wconf 89' lang='lat' dir='ltr'>potuerint</span> <span class='ocrx_word' id='word_1_225' title='bbox 1571 1929 1651 1981; x_wconf 84' lang='grc'><strong>(*0.</strong></span> <span class='ocrx_word' id='word_1_226' title='bbox 1676 1928 1730 1968; x_wconf 88' lang='grc'>39</span> <span class='ocrx_word' id='word_1_227' title='bbox 1749 1929 1823 1981; x_wconf 89' lang='grc'>22).</span> 
     </span>
     <span class='ocr_line' id='line_1_27' title="bbox 579 1996 1970 2048; baseline -0.001 -10"><span class='ocrx_word' id='word_1_228' title='bbox 579 2013 615 2039; x_wconf 88' lang='grc' dir='ltr'>κ.</span> <span class='ocrx_word' id='word_1_229' title='bbox 662 1997 904 2037; x_wconf 78' lang='lat' dir='ltr'>Parataxis</span> <span class='ocrx_word' id='word_1_230' title='bbox 925 1997 973 2036; x_wconf 93' lang='lat' dir='ltr'>in</span> <span class='ocrx_word' id='word_1_231' title='bbox 992 1997 1118 2048; x_wconf 91' lang='lat' dir='ltr'>place</span> <span class='ocrx_word' id='word_1_232' title='bbox 1139 1997 1186 2037; x_wconf 74' lang='lat' dir='ltr'>of</span> <span class='ocrx_word' id='word_1_233' title='bbox 1205 2009 1233 2037; x_wconf 87' lang='lat' dir='ltr'>a</span> <span class='ocrx_word' id='word_1_234' title='bbox 1252 1996 1528 2047; x_wconf 79' lang='lat' dir='ltr'>conditional</span> <span class='ocrx_word' id='word_1_235' title='bbox 1548 1997 1696 2037; x_wconf 90' lang='lat' dir='ltr'>clause</span> <span class='ocrx_word' id='word_1_236' title='bbox 1716 2013 1725 2037; x_wconf 89' lang='lat'>:</span> <span class='ocrx_word' id='word_1_237' title='bbox 1755 1998 1819 2037; x_wconf 86' lang='grc'>*0.</span> <span class='ocrx_word' id='word_1_238' title='bbox 1847 1997 1896 2037; x_wconf 89' lang='lat'>17</span> <span class='ocrx_word' id='word_1_239' title='bbox 1919 2004 1970 2037; x_wconf 91' lang='lat'>10.</span> 
     </span>
    </p>
   </div>
   <div class='ocr_carea' id='block_1_8' title="bbox 213 2066 1174 2116">
    <p class='ocr_par' dir='ltr' id='par_1_8' title="bbox 213 2066 1174 2116">
     <span class='ocr_line' id='line_1_28' title="bbox 213 2066 1174 2116; baseline -0.002 0"><span class='ocrx_word' id='word_1_240' title='bbox 213 2067 295 2116; x_wconf 87' lang='lat'>11.</span> <span class='ocrx_word' id='word_1_241' title='bbox 353 2068 812 2115; x_wconf 77' lang='lat' dir='ltr'><strong>INTERROGATIVE</strong></span> <span class='ocrx_word' id='word_1_242' title='bbox 849 2066 1174 2114; x_wconf 70' lang='lat' dir='ltr'>PAmmL-Es.</span> 
     </span>
    </p>
   </div>
   <div class='ocr_carea' id='block_1_9' title="bbox 494 2149 1960 2334">
    <p class='ocr_par' dir='ltr' id='par_1_9' title="bbox 494 2149 1960 2334">
     <span class='ocr_line' id='line_1_29' title="bbox 498 2149 1960 2199; baseline 0.001 -9"><span class='ocrx_word' id='word_1_243' title='bbox 498 2161 538 2190; x_wconf 88' lang='lat' dir='ltr'>a.</span> <span class='ocrx_word' id='word_1_244' title='bbox 582 2163 658 2199; x_wconf 79' lang='lat' dir='ltr'>AN,</span> <span class='ocrx_word' id='word_1_245' title='bbox 683 2149 794 2190; x_wconf 85' lang='lat' dir='ltr'>with</span> <span class='ocrx_word' id='word_1_246' title='bbox 818 2150 1020 2190; x_wconf 86' lang='lat' dir='ltr'>‘utrum’</span> <span class='ocrx_word' id='word_1_247' title='bbox 1046 2149 1234 2189; x_wconf 86' lang='lat' dir='ltr'>omitted</span> <span class='ocrx_word' id='word_1_248' title='bbox 1274 2151 1337 2189; x_wconf 91' lang='grc'>*0.</span> <span class='ocrx_word' id='word_1_249' title='bbox 1364 2149 1416 2188; x_wconf 90' lang='grc'>32</span> <span class='ocrx_word' id='word_1_250' title='bbox 1439 2156 1472 2190; x_wconf 90' lang='grc'>4.</span> <span class='ocrx_word' id='word_1_251' title='bbox 1535 2167 1588 2183; x_wconf 92' lang='lat'>=</span> <span class='ocrx_word' id='word_1_252' title='bbox 1607 2153 1713 2190; x_wconf 89' lang='lat' dir='ltr'>aut:</span> <span class='ocrx_word' id='word_1_253' title='bbox 1743 2151 1808 2191; x_wconf 84' lang='lat' dir='ltr'>*c.</span> <span class='ocrx_word' id='word_1_254' title='bbox 1835 2150 1886 2189; x_wconf 91' lang='lat'>13</span> <span class='ocrx_word' id='word_1_255' title='bbox 1906 2157 1960 2192; x_wconf 88' lang='lat'>13.</span> 
     </span>
     <span class='ocr_line' id='line_1_30' title="bbox 497 2218 1193 2259; baseline 0 0"><span class='ocrx_word' id='word_1_256' title='bbox 497 2219 532 2259; x_wconf 89' lang='lat' dir='ltr'>b.</span> <span class='ocrx_word' id='word_1_257' title='bbox 579 2232 832 2259; x_wconf 75' lang='lat' dir='ltr'>UTRUMNE:</span> <span class='ocrx_word' id='word_1_258' title='bbox 862 2220 926 2259; x_wconf 89' lang='grc'>*0.</span> <span class='ocrx_word' id='word_1_259' title='bbox 952 2218 1042 2259; x_wconf 81' lang='grc'>357</span> <span class='ocrx_word' id='word_1_260' title='bbox 1070 2218 1122 2259; x_wconf 88' lang='grc'>37</span> <span class='ocrx_word' id='word_1_261' title='bbox 1140 2226 1193 2259; x_wconf 89' lang='grc'>16.</span> 
     </span>
     <span class='ocr_line' id='line_1_31' title="bbox 494 2287 1333 2334; baseline -0.001 -6"><span class='ocrx_word' id='word_1_262' title='bbox 494 2299 530 2328; x_wconf 86' lang='lat' dir='ltr'>c.</span> <span class='ocrx_word' id='word_1_263' title='bbox 576 2300 690 2334; x_wconf 76' lang='lat' dir='ltr'>Qun)</span> <span class='ocrx_word' id='word_1_264' title='bbox 709 2306 764 2322; x_wconf 87' lang='lat'>=</span> <span class='ocrx_word' id='word_1_265' title='bbox 783 2300 863 2328; x_wconf 90' lang='lat' dir='ltr'>cur</span> <span class='ocrx_word' id='word_1_266' title='bbox 881 2304 890 2328; x_wconf 73' lang='grc' dir='ltr'>ε</span> <span class='ocrx_word' id='word_1_267' title='bbox 933 2287 1014 2328; x_wconf 90' lang='lat' dir='ltr'>See</span> <span class='ocrx_word' id='word_1_268' title='bbox 1040 2291 1050 2311; x_wconf 82' lang='lat'>‘</span> <span class='ocrx_word' id='word_1_269' title='bbox 1065 2289 1333 2328; x_wconf 85' lang='lat' dir='ltr'>Pronouns.&#39;</span> 
     </span>
    </p>
   </div>
   <div class='ocr_carea' id='block_1_10' title="bbox 214 2357 715 2406">
    <p class='ocr_par' dir='ltr' id='par_1_10' title="bbox 214 2357 715 2406">
     <span class='ocr_line' id='line_1_32' title="bbox 214 2357 715 2406; baseline -0.004 0"><span class='ocrx_word' id='word_1_270' title='bbox 214 2358 294 2406; x_wconf 87' lang='grc'>12.</span> <span class='ocrx_word' id='word_1_271' title='bbox 352 2357 715 2405; x_wconf 80' lang='lat' dir='ltr'>AGREEMENT.</span> 
     </span>
    </p>
   </div>
   <div class='ocr_carea' id='block_1_11' title="bbox 357 2441 435 2507">
    <p class='ocr_par' dir='ltr' id='par_1_11' title="bbox 357 2441 435 2507">
     <span class='ocr_line' id='line_1_33' title="bbox 357 2441 435 2507; baseline 0.013 -1"><span class='ocrx_word' id='word_1_272' title='bbox 357 2441 435 2507; x_wconf 85' lang='lat'>(1)</span> 
     </span>
    </p>
   </div>
   <div class='ocr_carea' id='block_1_12' title="bbox 360 2726 437 2793">
    <p class='ocr_par' dir='ltr' id='par_1_12' title="bbox 360 2726 437 2793">
     <span class='ocr_line' id='line_1_34' title="bbox 360 2726 437 2793; baseline 0.013 -1"><span class='ocrx_word' id='word_1_273' title='bbox 360 2726 437 2793; x_wconf 87' lang='lat'>(2)</span> 
     </span>
    </p>
   </div>
   <div class='ocr_carea' id='block_1_13' title="bbox 497 2437 2108 2707">
    <p class='ocr_par' dir='ltr' id='par_1_13' title="bbox 497 2437 2104 2561">
     <span class='ocr_line' id='line_1_35' title="bbox 499 2437 2104 2504; baseline 0.002 -17"><span class='ocrx_word' id='word_1_274' title='bbox 499 2440 772 2488; x_wconf 75' lang='lat' dir='ltr'>Predicate</span> <span class='ocrx_word' id='word_1_275' title='bbox 807 2440 865 2487; x_wconf 73' lang='lat' dir='ltr'>in</span> <span class='ocrx_word' id='word_1_276' title='bbox 901 2441 985 2488; x_wconf 72' lang='lat' dir='ltr'>the</span> <span class='ocrx_word' id='word_1_277' title='bbox 1012 2441 1199 2503; x_wconf 71' lang='lat' dir='ltr'>plural</span> <span class='ocrx_word' id='word_1_278' title='bbox 1231 2440 1358 2488; x_wconf 72' lang='lat' dir='ltr'>with</span> <span class='ocrx_word' id='word_1_279' title='bbox 1395 2447 1488 2487; x_wconf 77' lang='lat' dir='ltr'>two</span> <span class='ocrx_word' id='word_1_280' title='bbox 1525 2437 1734 2502; x_wconf 61' lang='lat' dir='ltr'>subjecte</span> <span class='ocrx_word' id='word_1_281' title='bbox 1770 2441 1827 2488; x_wconf 79' lang='lat' dir='ltr'>in</span> <span class='ocrx_word' id='word_1_282' title='bbox 1860 2442 1942 2489; x_wconf 76' lang='lat' dir='ltr'>the</span> <span class='ocrx_word' id='word_1_283' title='bbox 1974 2441 2104 2504; x_wconf 76' lang='lat' dir='ltr'>sinq.</span> 
     </span>
     <span class='ocr_line' id='line_1_36' title="bbox 497 2513 1170 2561; baseline 0 -1"><span class='ocrx_word' id='word_1_284' title='bbox 497 2514 554 2560; x_wconf 78' lang='lat' dir='ltr'>in</span> <span class='ocrx_word' id='word_1_285' title='bbox 591 2513 907 2561; x_wconf 76' lang='lat' dir='ltr'>adversative</span> <span class='ocrx_word' id='word_1_286' title='bbox 944 2514 1170 2560; x_wconf 80' lang='lat' dir='ltr'>clauses:</span> 
     </span>
    </p>

    <p class='ocr_par' dir='ltr' id='par_1_14' title="bbox 499 2585 2108 2707">
     <span class='ocr_line' id='line_1_37' title="bbox 499 2585 2108 2640; baseline 0.002 -14"><span class='ocrx_word' id='word_1_287' title='bbox 499 2598 580 2639; x_wconf 88' lang='lat' dir='ltr'>ego</span> <span class='ocrx_word' id='word_1_288' title='bbox 608 2590 654 2626; x_wconf 91' lang='lat' dir='ltr'>te</span> <span class='ocrx_word' id='word_1_289' title='bbox 684 2586 842 2637; x_wconf 85' lang='lat' dir='ltr'>poetis,</span> <span class='ocrx_word' id='word_1_290' title='bbox 871 2585 1081 2626; x_wconf 84' lang='lat' dir='ltr'>Messalla</span> <span class='ocrx_word' id='word_1_291' title='bbox 1111 2586 1375 2637; x_wconf 88' lang='lat' dir='ltr'>antiquariis</span> <span class='ocrx_word' id='word_1_292' title='bbox 1404 2586 1743 2626; x_wconf 85' lang='lat' dir='ltr'>criminabimur</span> <span class='ocrx_word' id='word_1_293' title='bbox 1767 2587 1847 2640; x_wconf 89' lang='grc'><strong>(*0.</strong></span> <span class='ocrx_word' id='word_1_294' title='bbox 1872 2586 1925 2626; x_wconf 86' lang='grc'>42</span> <span class='ocrx_word' id='word_1_295' title='bbox 1949 2588 2002 2640; x_wconf 86' lang='grc'>6).</span> <span class='ocrx_word' id='word_1_296' title='bbox 2064 2588 2108 2630; x_wconf 88' lang='grc' dir='ltr'><strong>Α</strong></span> 
     </span>
     <span class='ocr_line' id='line_1_38' title="bbox 499 2654 1494 2707; baseline 0 -11"><span class='ocrx_word' id='word_1_297' title='bbox 499 2656 690 2707; x_wconf 88' lang='lat' dir='ltr'>striking</span> <span class='ocrx_word' id='word_1_298' title='bbox 711 2655 1041 2696; x_wconf 85' lang='lat' dir='ltr'>characteristic</span> <span class='ocrx_word' id='word_1_299' title='bbox 1064 2655 1111 2695; x_wconf 75' lang='lat' dir='ltr'>of</span> <span class='ocrx_word' id='word_1_300' title='bbox 1131 2656 1346 2695; x_wconf 90' lang='lat' dir='ltr'>Tacitean</span> <span class='ocrx_word' id='word_1_301' title='bbox 1365 2654 1494 2705; x_wconf 86' lang='lat' dir='ltr'>style.</span> 
     </span>
    </p>
   </div>
   <div class='ocr_carea' id='block_1_14' title="bbox 500 2724 1658 2787">
    <p class='ocr_par' dir='ltr' id='par_1_15' title="bbox 500 2724 1658 2787">
     <span class='ocr_line' id='line_1_39' title="bbox 500 2724 1658 2787; baseline -0.001 -15"><span class='ocrx_word' id='word_1_302' title='bbox 500 2726 773 2772; x_wconf 73' lang='lat' dir='ltr'>Predieate</span> <span class='ocrx_word' id='word_1_303' title='bbox 799 2725 857 2772; x_wconf 77' lang='lat' dir='ltr'>in</span> <span class='ocrx_word' id='word_1_304' title='bbox 883 2726 966 2773; x_wconf 72' lang='lat' dir='ltr'>the</span> <span class='ocrx_word' id='word_1_305' title='bbox 990 2725 1119 2787; x_wconf 70' lang='lat' dir='ltr'>sinq.</span> <span class='ocrx_word' id='word_1_306' title='bbox 1149 2725 1275 2772; x_wconf 74' lang='lat' dir='ltr'>with</span> <span class='ocrx_word' id='word_1_307' title='bbox 1300 2732 1393 2772; x_wconf 74' lang='lat' dir='ltr'>two</span> <span class='ocrx_word' id='word_1_308' title='bbox 1418 2724 1626 2787; x_wconf 56' lang='lat' dir='ltr'>subjecte·</span> <span class='ocrx_word' id='word_1_309' title='bbox 1642 2741 1658 2771; x_wconf 92' lang='lat'>.·</span> 
     </span>
    </p>
   </div>
   <div class='ocr_carea' id='block_1_15' title="bbox 500 2806 2116 3622">
    <p class='ocr_par' dir='ltr' id='par_1_16' title="bbox 500 2806 2116 3488">
     <span class='ocr_line' id='line_1_40' title="bbox 500 2806 2112 2861; baseline 0.001 -12"><span class='ocrx_word' id='word_1_310' title='bbox 500 2809 567 2849; x_wconf 89' lang='lat' dir='ltr'>vis</span> <span class='ocrx_word' id='word_1_311' title='bbox 600 2812 646 2848; x_wconf 91' lang='lat' dir='ltr'>et</span> <span class='ocrx_word' id='word_1_312' title='bbox 679 2807 852 2848; x_wconf 88' lang='lat' dir='ltr'>utilitas</span> <span class='ocrx_word' id='word_1_313' title='bbox 873 2839 882 2848; x_wconf 88' lang='lat'>.</span> <span class='ocrx_word' id='word_1_314' title='bbox 910 2839 919 2848; x_wconf 88' lang='lat'>.</span> <span class='ocrx_word' id='word_1_315' title='bbox 948 2838 956 2847; x_wconf 95' lang='lat'>.</span> <span class='ocrx_word' id='word_1_316' title='bbox 983 2808 1257 2859; x_wconf 88' lang='lat' dir='ltr'>intellegitur</span> <span class='ocrx_word' id='word_1_317' title='bbox 1290 2808 1343 2861; x_wconf 91' lang='grc'>(0.</span> <span class='ocrx_word' id='word_1_318' title='bbox 1370 2807 1395 2847; x_wconf 85' lang='grc'><em>5</em></span> <span class='ocrx_word' id='word_1_319' title='bbox 1415 2807 1490 2860; x_wconf 85' lang='grc'>25),</span> <span class='ocrx_word' id='word_1_320' title='bbox 1530 2806 1653 2847; x_wconf 82' lang='lat' dir='ltr'>fama</span> <span class='ocrx_word' id='word_1_321' title='bbox 1687 2811 1732 2847; x_wconf 90' lang='lat' dir='ltr'>et</span> <span class='ocrx_word' id='word_1_322' title='bbox 1765 2806 1862 2849; x_wconf 85' lang='lat' dir='ltr'>laus</span> <span class='ocrx_word' id='word_1_323' title='bbox 1882 2840 1892 2851; x_wconf 89' lang='lat'>.</span> <span class='ocrx_word' id='word_1_324' title='bbox 1919 2839 1929 2850; x_wconf 89' lang='lat'>.</span> <span class='ocrx_word' id='word_1_325' title='bbox 1957 2840 1966 2851; x_wconf 91' lang='lat'>.</span> <span class='ocrx_word' id='word_1_326' title='bbox 1992 2822 2112 2850; x_wconf 90' lang='lat' dir='ltr'>com-</span> 
     </span>
     <span class='ocr_line' id='line_1_41' title="bbox 500 2876 2107 2931; baseline 0.001 -14"><span class='ocrx_word' id='word_1_327' title='bbox 500 2877 702 2928; x_wconf 89' lang='lat' dir='ltr'>paranda</span> <span class='ocrx_word' id='word_1_328' title='bbox 725 2880 792 2916; x_wconf 90' lang='lat' dir='ltr'>est</span> <span class='ocrx_word' id='word_1_329' title='bbox 812 2877 865 2930; x_wconf 91' lang='grc'>(0.</span> <span class='ocrx_word' id='word_1_330' title='bbox 893 2878 915 2917; x_wconf 88' lang='grc'>7</span> <span class='ocrx_word' id='word_1_331' title='bbox 938 2877 1011 2930; x_wconf 94' lang='grc'>11),</span> <span class='ocrx_word' id='word_1_332' title='bbox 1037 2877 1194 2928; x_wconf 88' lang='lat' dir='ltr'>vulgus</span> <span class='ocrx_word' id='word_1_333' title='bbox 1211 2907 1220 2917; x_wconf 87' lang='lat'><strong>.</strong></span> <span class='ocrx_word' id='word_1_334' title='bbox 1243 2907 1252 2917; x_wconf 89' lang='lat'>.</span> <span class='ocrx_word' id='word_1_335' title='bbox 1276 2908 1285 2917; x_wconf 92' lang='lat'>.</span> <span class='ocrx_word' id='word_1_336' title='bbox 1307 2880 1352 2916; x_wconf 89' lang='lat' dir='ltr'>et</span> <span class='ocrx_word' id='word_1_337' title='bbox 1369 2906 1378 2916; x_wconf 86' lang='lat'>.</span> <span class='ocrx_word' id='word_1_338' title='bbox 1402 2907 1410 2916; x_wconf 94' lang='lat'>.</span> <span class='ocrx_word' id='word_1_339' title='bbox 1435 2906 1443 2915; x_wconf 98' lang='lat'>.</span> <span class='ocrx_word' id='word_1_340' title='bbox 1464 2876 1655 2926; x_wconf 86' lang='lat' dir='ltr'>populus</span> <span class='ocrx_word' id='word_1_341' title='bbox 1671 2906 1680 2916; x_wconf 88' lang='lat'>.</span> <span class='ocrx_word' id='word_1_342' title='bbox 1704 2906 1713 2916; x_wconf 93' lang='lat'>.</span> <span class='ocrx_word' id='word_1_343' title='bbox 1737 2907 1745 2916; x_wconf 95' lang='lat'>.</span> <span class='ocrx_word' id='word_1_344' title='bbox 1766 2881 1897 2917; x_wconf 89' lang='lat' dir='ltr'>vocat</span> <span class='ocrx_word' id='word_1_345' title='bbox 1915 2878 1969 2931; x_wconf 89' lang='lat' dir='ltr'>(c.</span> <span class='ocrx_word' id='word_1_346' title='bbox 1992 2878 2014 2918; x_wconf 85' lang='lat'><strong>7</strong></span> <span class='ocrx_word' id='word_1_347' title='bbox 2032 2879 2107 2931; x_wconf 84' lang='grc'>17),</span> 
     </span>
     <span class='ocr_line' id='line_1_42' title="bbox 502 2945 2113 2998; baseline 0.001 -12"><span class='ocrx_word' id='word_1_348' title='bbox 502 2958 671 2986; x_wconf 92' lang='lat' dir='ltr'>numen</span> <span class='ocrx_word' id='word_1_349' title='bbox 701 2950 746 2986; x_wconf 90' lang='lat' dir='ltr'>et</span> <span class='ocrx_word' id='word_1_350' title='bbox 777 2945 979 2986; x_wconf 89' lang='lat' dir='ltr'>caelestis</span> <span class='ocrx_word' id='word_1_351' title='bbox 1007 2946 1074 2986; x_wconf 88' lang='lat' dir='ltr'>vis</span> <span class='ocrx_word' id='word_1_352' title='bbox 1095 2977 1104 2986; x_wconf 91' lang='lat'>.</span> <span class='ocrx_word' id='word_1_353' title='bbox 1132 2977 1142 2987; x_wconf 93' lang='lat'>.</span> <span class='ocrx_word' id='word_1_354' title='bbox 1169 2976 1178 2986; x_wconf 90' lang='lat'>.</span> <span class='ocrx_word' id='word_1_355' title='bbox 1205 2946 1344 2985; x_wconf 88' lang='lat' dir='ltr'>edidit</span> <span class='ocrx_word' id='word_1_356' title='bbox 1375 2946 1428 2998; x_wconf 91' lang='lat' dir='ltr'>(c.</span> <span class='ocrx_word' id='word_1_357' title='bbox 1455 2946 1479 2984; x_wconf 90' lang='lat'>8</span> <span class='ocrx_word' id='word_1_358' title='bbox 1502 2946 1556 2998; x_wconf 88' lang='lat'>8),</span> <span class='ocrx_word' id='word_1_359' title='bbox 1590 2956 1646 2985; x_wconf 90' lang='lat' dir='ltr'>ne</span> <span class='ocrx_word' id='word_1_360' title='bbox 1677 2946 1827 2996; x_wconf 89' lang='lat' dir='ltr'>opinio</span> <span class='ocrx_word' id='word_1_361' title='bbox 1857 2947 2037 2997; x_wconf 90' lang='lat' dir='ltr'>quidem</span> <span class='ocrx_word' id='word_1_362' title='bbox 2067 2952 2113 2988; x_wconf 88' lang='lat' dir='ltr'>et</span> 
     </span>
     <span class='ocr_line' id='line_1_43' title="bbox 503 3015 2114 3067; baseline 0.002 -12"><span class='ocrx_word' id='word_1_363' title='bbox 503 3015 626 3056; x_wconf 79' lang='lat' dir='ltr'>fama</span> <span class='ocrx_word' id='word_1_364' title='bbox 647 3046 656 3055; x_wconf 93' lang='lat'>.</span> <span class='ocrx_word' id='word_1_365' title='bbox 685 3046 693 3055; x_wconf 98' lang='lat'>.</span> <span class='ocrx_word' id='word_1_366' title='bbox 722 3046 730 3055; x_wconf 93' lang='lat'>.</span> <span class='ocrx_word' id='word_1_367' title='bbox 756 3015 959 3066; x_wconf 90' lang='lat' dir='ltr'>sequitur</span> <span class='ocrx_word' id='word_1_368' title='bbox 992 3015 1045 3067; x_wconf 91' lang='grc'>(0.</span> <span class='ocrx_word' id='word_1_369' title='bbox 1073 3015 1124 3054; x_wconf 91' lang='grc'>10</span> <span class='ocrx_word' id='word_1_370' title='bbox 1146 3016 1200 3067; x_wconf 91' lang='grc'>1),</span> <span class='ocrx_word' id='word_1_371' title='bbox 1235 3027 1343 3055; x_wconf 88' lang='grc'>01113</span> <span class='ocrx_word' id='word_1_372' title='bbox 1378 3026 1553 3065; x_wconf 91' lang='lat' dir='ltr'>quoque</span> <span class='ocrx_word' id='word_1_373' title='bbox 1585 3019 1629 3054; x_wconf 89' lang='lat' dir='ltr'>et</span> <span class='ocrx_word' id='word_1_374' title='bbox 1660 3015 1893 3056; x_wconf 88' lang='lat' dir='ltr'>meditatio</span> <span class='ocrx_word' id='word_1_375' title='bbox 1928 3018 2114 3057; x_wconf 88' lang='lat' dir='ltr'>accessit</span> 
     </span>
     <span class='ocr_line' id='line_1_44' title="bbox 507 3084 2114 3138; baseline 0.001 -12"><span class='ocrx_word' id='word_1_376' title='bbox 507 3085 561 3138; x_wconf 90' lang='grc'>(0.</span> <span class='ocrx_word' id='word_1_377' title='bbox 588 3085 638 3124; x_wconf 92' lang='grc'>16</span> <span class='ocrx_word' id='word_1_378' title='bbox 660 3086 715 3138; x_wconf 92' lang='grc'>4),</span> <span class='ocrx_word' id='word_1_379' title='bbox 744 3085 939 3124; x_wconf 79' lang='lat' dir='ltr'>formam</span> <span class='ocrx_word' id='word_1_380' title='bbox 971 3095 1146 3135; x_wconf 91' lang='lat' dir='ltr'>quoque</span> <span class='ocrx_word' id='word_1_381' title='bbox 1176 3096 1227 3124; x_wconf 91' lang='lat' dir='ltr'>ac</span> <span class='ocrx_word' id='word_1_382' title='bbox 1257 3084 1449 3135; x_wconf 90' lang='lat' dir='ltr'>speciem</span> <span class='ocrx_word' id='word_1_383' title='bbox 1479 3085 1693 3125; x_wconf 88' lang='lat' dir='ltr'>orationis</span> <span class='ocrx_word' id='word_1_384' title='bbox 1723 3097 1816 3126; x_wconf 91' lang='lat' dir='ltr'>esse</span> <span class='ocrx_word' id='word_1_385' title='bbox 1847 3087 2114 3127; x_wconf 87' lang='lat' dir='ltr'>mutandam</span> 
     </span>
     <span class='ocr_line' id='line_1_45' title="bbox 508 3154 2114 3207; baseline 0.002 -13"><span class='ocrx_word' id='word_1_386' title='bbox 508 3154 562 3206; x_wconf 89' lang='lat' dir='ltr'>(c.</span> <span class='ocrx_word' id='word_1_387' title='bbox 589 3155 640 3194; x_wconf 87' lang='lat'>19</span> <span class='ocrx_word' id='word_1_388' title='bbox 662 3155 716 3207; x_wconf 88' lang='grc'>8),</span> <span class='ocrx_word' id='word_1_389' title='bbox 741 3154 998 3205; x_wconf 84' lang='lat' dir='ltr'>malignitas</span> <span class='ocrx_word' id='word_1_390' title='bbox 1023 3158 1068 3193; x_wconf 89' lang='lat' dir='ltr'>et</span> <span class='ocrx_word' id='word_1_391' title='bbox 1094 3154 1263 3193; x_wconf 87' lang='lat' dir='ltr'>invidia</span> <span class='ocrx_word' id='word_1_392' title='bbox 1292 3154 1537 3194; x_wconf 87' lang='lat' dir='ltr'>tardaverit</span> <span class='ocrx_word' id='word_1_393' title='bbox 1561 3155 1613 3206; x_wconf 91' lang='lat' dir='ltr'>(c.</span> <span class='ocrx_word' id='word_1_394' title='bbox 1639 3154 1693 3194; x_wconf 90' lang='grc'>23</span> <span class='ocrx_word' id='word_1_395' title='bbox 1712 3156 1788 3207; x_wconf 88' lang='grc'>26),</span> <span class='ocrx_word' id='word_1_396' title='bbox 1813 3157 2048 3207; x_wconf 86' lang='lat' dir='ltr'>disciplina</span> <span class='ocrx_word' id='word_1_397' title='bbox 2068 3160 2114 3196; x_wconf 84' lang='lat' dir='ltr'>et</span> 
     </span>
     <span class='ocr_line' id='line_1_46' title="bbox 504 3223 2116 3276; baseline 0.002 -14"><span class='ocrx_word' id='word_1_398' title='bbox 504 3224 716 3263; x_wconf 88' lang='lat' dir='ltr'>severitas</span> <span class='ocrx_word' id='word_1_399' title='bbox 750 3235 802 3263; x_wconf 91' lang='lat' dir='ltr'>eo</span> <span class='ocrx_word' id='word_1_400' title='bbox 837 3224 1092 3274; x_wconf 89' lang='lat' dir='ltr'>pertinebat</span> <span class='ocrx_word' id='word_1_401' title='bbox 1130 3224 1183 3276; x_wconf 88' lang='lat' dir='ltr'>(c.</span> <span class='ocrx_word' id='word_1_402' title='bbox 1209 3223 1262 3262; x_wconf 89' lang='grc'>28</span> <span class='ocrx_word' id='word_1_403' title='bbox 1282 3224 1357 3276; x_wconf 90' lang='grc'>24),</span> <span class='ocrx_word' id='word_1_404' title='bbox 1389 3224 1455 3263; x_wconf 90' lang='lat' dir='ltr'>vis</span> <span class='ocrx_word' id='word_1_405' title='bbox 1485 3227 1530 3263; x_wconf 89' lang='lat' dir='ltr'>et</span> <span class='ocrx_word' id='word_1_406' title='bbox 1558 3223 1750 3265; x_wconf 85' lang='lat' dir='ltr'>facultas</span> <span class='ocrx_word' id='word_1_407' title='bbox 1780 3255 1789 3265; x_wconf 86' lang='lat'>.</span> <span class='ocrx_word' id='word_1_408' title='bbox 1826 3255 1836 3265; x_wconf 87' lang='lat'>.</span> <span class='ocrx_word' id='word_1_409' title='bbox 1873 3256 1883 3266; x_wconf 88' lang='lat'>.</span> <span class='ocrx_word' id='word_1_410' title='bbox 1919 3226 2116 3266; x_wconf 86' lang='lat' dir='ltr'>cluditur</span> 
     </span>
     <span class='ocr_line' id='line_1_47' title="bbox 510 3292 2114 3346; baseline 0.003 -15"><span class='ocrx_word' id='word_1_411' title='bbox 510 3292 564 3345; x_wconf 92' lang='lat' dir='ltr'>(c.</span> <span class='ocrx_word' id='word_1_412' title='bbox 589 3292 643 3332; x_wconf 88' lang='lat'>30</span> <span class='ocrx_word' id='word_1_413' title='bbox 662 3294 737 3346; x_wconf 83' lang='lat'>26),</span> <span class='ocrx_word' id='word_1_414' title='bbox 780 3294 1021 3334; x_wconf 88' lang='lat' dir='ltr'>accedebat</span> <span class='ocrx_word' id='word_1_415' title='bbox 1059 3293 1269 3344; x_wconf 89' lang='lat' dir='ltr'>splendor</span> <span class='ocrx_word' id='word_1_416' title='bbox 1306 3304 1455 3332; x_wconf 86' lang='lat' dir='ltr'>rerum</span> <span class='ocrx_word' id='word_1_417' title='bbox 1494 3297 1539 3333; x_wconf 93' lang='lat' dir='ltr'>et</span> <span class='ocrx_word' id='word_1_418' title='bbox 1576 3295 1839 3346; x_wconf 87' lang='lat' dir='ltr'>magnitudo</span> <span class='ocrx_word' id='word_1_419' title='bbox 1878 3308 2114 3336; x_wconf 88' lang='lat' dir='ltr'>causarum</span> 
     </span>
     <span class='ocr_line' id='line_1_48' title="bbox 510 3361 2114 3417; baseline 0.002 -16"><span class='ocrx_word' id='word_1_420' title='bbox 510 3362 564 3414; x_wconf 82' lang='lat' dir='ltr'>(c.</span> <span class='ocrx_word' id='word_1_421' title='bbox 599 3361 651 3402; x_wconf 88' lang='lat'>37</span> <span class='ocrx_word' id='word_1_422' title='bbox 683 3369 723 3401; x_wconf 87' lang='lat'>14</span> <span class='ocrx_word' id='word_1_423' title='bbox 752 3362 823 3415; x_wconf 79' lang='lat' dir='ltr'>f.),</span> <span class='ocrx_word' id='word_1_424' title='bbox 867 3364 1015 3404; x_wconf 91' lang='lat' dir='ltr'>minor</span> <span class='ocrx_word' id='word_1_425' title='bbox 1056 3367 1284 3404; x_wconf 89' lang='lat' dir='ltr'>oratorum</span> <span class='ocrx_word' id='word_1_426' title='bbox 1332 3363 1477 3403; x_wconf 91' lang='lat' dir='ltr'>honor</span> <span class='ocrx_word' id='word_1_427' title='bbox 1515 3365 1829 3416; x_wconf 88' lang='lat' dir='ltr'>obscuriorque</span> <span class='ocrx_word' id='word_1_428' title='bbox 1869 3366 2010 3417; x_wconf 87' lang='lat' dir='ltr'>gloria</span> <span class='ocrx_word' id='word_1_429' title='bbox 2047 3369 2114 3405; x_wconf 89' lang='lat' dir='ltr'>est</span> 
     </span>
     <span class='ocr_line' id='line_1_49' title="bbox 511 3430 1955 3488; baseline 0.004 -19"><span class='ocrx_word' id='word_1_430' title='bbox 511 3430 564 3482; x_wconf 91' lang='lat' dir='ltr'>(c.</span> <span class='ocrx_word' id='word_1_431' title='bbox 590 3430 641 3470; x_wconf 90' lang='lat'>41</span> <span class='ocrx_word' id='word_1_432' title='bbox 664 3432 737 3484; x_wconf 91' lang='grc'>12),</span> <span class='ocrx_word' id='word_1_433' title='bbox 762 3433 923 3473; x_wconf 88' lang='lat' dir='ltr'>modus</span> <span class='ocrx_word' id='word_1_434' title='bbox 944 3437 989 3473; x_wconf 91' lang='lat' dir='ltr'>et</span> <span class='ocrx_word' id='word_1_435' title='bbox 1008 3437 1413 3485; x_wconf 89' lang='lat' dir='ltr'>temperamentum</span> <span class='ocrx_word' id='word_1_436' title='bbox 1433 3433 1648 3474; x_wconf 83' lang='lat' dir='ltr'>defuisset</span> <span class='ocrx_word' id='word_1_437' title='bbox 1672 3435 1724 3488; x_wconf 91' lang='lat' dir='ltr'>(c.</span> <span class='ocrx_word' id='word_1_438' title='bbox 1750 3436 1801 3474; x_wconf 90' lang='lat'>41</span> <span class='ocrx_word' id='word_1_439' title='bbox 1823 3443 1865 3475; x_wconf 90' lang='grc'>23</span> <span class='ocrx_word' id='word_1_440' title='bbox 1885 3435 1955 3488; x_wconf 61' lang='lat' dir='ltr'>L).</span> 
     </span>
    </p>

    <p class='ocr_par' dir='ltr' id='par_1_17' title="bbox 511 3503 2108 3622">
     <span class='ocr_line' id='line_1_50' title="bbox 512 3503 2108 3554; baseline 0.001 -12"><span class='ocrx_word' id='word_1_441' title='bbox 512 3503 566 3542; x_wconf 94' lang='lat' dir='ltr'>In</span> <span class='ocrx_word' id='word_1_442' title='bbox 595 3503 654 3543; x_wconf 88' lang='lat' dir='ltr'>all</span> <span class='ocrx_word' id='word_1_443' title='bbox 682 3503 853 3544; x_wconf 90' lang='lat' dir='ltr'>similar</span> <span class='ocrx_word' id='word_1_444' title='bbox 881 3515 1002 3544; x_wconf 88' lang='lat' dir='ltr'>cases</span> <span class='ocrx_word' id='word_1_445' title='bbox 1030 3505 1106 3543; x_wconf 91' lang='lat' dir='ltr'>the</span> <span class='ocrx_word' id='word_1_446' title='bbox 1136 3503 1331 3553; x_wconf 89' lang='lat' dir='ltr'>subjects</span> <span class='ocrx_word' id='word_1_447' title='bbox 1360 3514 1435 3542; x_wconf 88' lang='lat' dir='ltr'>are</span> <span class='ocrx_word' id='word_1_448' title='bbox 1464 3514 1771 3554; x_wconf 88' lang='lat' dir='ltr'>synonymous</span> <span class='ocrx_word' id='word_1_449' title='bbox 1798 3516 1849 3543; x_wconf 90' lang='lat' dir='ltr'>or</span> <span class='ocrx_word' id='word_1_450' title='bbox 1867 3504 2024 3554; x_wconf 87' lang='lat' dir='ltr'>nearly</span> <span class='ocrx_word' id='word_1_451' title='bbox 2045 3515 2108 3552; x_wconf 89' lang='lat' dir='ltr'>so,</span> 
     </span>
     <span class='ocr_line' id='line_1_51' title="bbox 511 3571 1420 3622; baseline -0.002 -11"><span class='ocrx_word' id='word_1_452' title='bbox 511 3571 601 3611; x_wconf 90' lang='lat' dir='ltr'>and</span> <span class='ocrx_word' id='word_1_453' title='bbox 620 3572 759 3612; x_wconf 89' lang='lat' dir='ltr'>hence</span> <span class='ocrx_word' id='word_1_454' title='bbox 780 3572 975 3612; x_wconf 89' lang='lat' dir='ltr'>coalesce</span> <span class='ocrx_word' id='word_1_455' title='bbox 997 3573 1092 3613; x_wconf 87' lang='lat' dir='ltr'>into</span> <span class='ocrx_word' id='word_1_456' title='bbox 1113 3584 1196 3612; x_wconf 90' lang='lat' dir='ltr'>one</span> <span class='ocrx_word' id='word_1_457' title='bbox 1217 3571 1420 3622; x_wconf 88' lang='lat' dir='ltr'>thought.</span> 
     </span>
    </p>
   </div>
  </div>
 </body>
</html>
