2716 3964
516 276 623 328 346
1400 293 1605 335 NOTES.

583 437 648 484 10
688 437 760 487 Μ.
795 437 1061 488 Crassum:
1119 438 1224 488 Cic.
1261 438 1411 487 Brut.
1451 440 1532 501 66,
1569 440 1670 489 233
1713 439 2048 489 mediocriter
2087 455 2118 488 a
2155 439 2397 490 doctrina
2433 439 2509 489 in-

512 523 759 581 structus,
788 520 1063 583 angustius
1091 521 1252 569 etiam
1277 537 1308 570 a
1332 526 1523 571 natura
1548 560 1558 570 .
1589 559 1600 571 .
1630 561 1640 571 .
1668 523 1846 572 labore
1884 527 1938 572 et
1974 522 2240 572 industria
2277 527 2330 572 et
2367 523 2510 588 quod

512 602 796 652 adhibebat
826 604 894 652 ad
926 603 1238 653 obtinendas
1272 620 1455 654 causas
1491 621 1670 667 curam
1704 606 1865 655 etiam
1891 610 1944 654 et
1970 606 2209 669 gratiam,
2237 605 2295 654 in
2319 605 2510 671 princi-

511 685 664 748 pibus
693 687 931 750 patronis
958 687 1161 751 aliquot
1187 704 1350 737 annos
1378 689 1498 737 fuit.
1555 690 1622 737 In
1647 690 1804 738 huius
1831 689 2068 738 oratione
2095 705 2264 738 sermo
2283 690 2507 739 Latinus

511 773 638 830 erat,
666 769 826 818 verba
861 786 968 818 non
1005 771 1208 820 abiecta
1234 808 1244 819 .
1275 810 1285 820 .
1315 810 1325 820 .
1355 772 1533 821 nullus
1570 772 1665 821 flos
1702 777 1881 821 tamen
1917 788 2086 836 neque
2123 772 2303 821 lumen
2338 772 2509 822 ullum

510 889 521 899 .
553 890 562 899 .
594 890 603 900 .
633 852 809 902 omnia
844 853 956 902 fere
993 858 1054 902 ut
1091 854 1340 903 similiter
1377 859 1535 919 atque
1571 872 1678 904 uno
1707 857 1860 904 modo
1891 855 2191 904 dicerentur
2244 872 2340 920 pro
2367 857 2504 906 Mur.

508 935 591 996 23,
619 937 684 984 48
723 936 807 984 vir
833 952 1036 986 summa
1062 937 1323 1001 dignitate
1350 943 1403 987 et
1429 939 1709 1002 diligentia
1733 943 1787 988 et
1811 939 2067 1005 facultate
2093 938 2305 987 dicendi
2364 939 2503 988 Plut.
2581 925 2588 944 ⁸

509 1018 679 1068 Crass,
708 1021 995 1070 3.--11011-
1023 1053 1032 1063 ·
1060 1051 1069 1061 ·
1097 1022 1443 1072 modo—sed·
1473 1053 1481 1062 ·
1509 1053 1519 1062 ·
1546 1037 1776 1087 quoque:
1824 1023 1904 1071 On
1928 1021 2392 1084 this-correlatiom
2420 1038 2507 1072 see

508 1106 630 1150 note
657 1119 697 1151 c.
726 1104 758 1151 2
780 1105 1117 1154 6.——viribus
1140 1136 1149 1145 ·
1177 1136 1186 1146 ·
1214 1136 1222 1145 -
1251 1106 1439 1156 armis:
1480 1105 1590 1154 The
1618 1121 1758 1154 same
1785 1105 2098 1154 collocation
2122 1121 2164 1154 e.
2184 1122 2230 1168 g.
2258 1105 2328 1154 H.
2354 1105 2414 1154 II
2439 1107 2507 1156 74

509 1186 589 1235 IV
613 1186 694 1235 23.
724 1187 789 1235 68
851 1187 991 1236 Plin.
1020 1189 1117 1251 Ep.
1147 1189 1206 1236 Π
1233 1191 1279 1250 7,
1307 1189 1355 1236 2.

579 1270 643 1317 11
683 1271 961 1321 Lentulos:
1013 1270 1222 1334 Among
1254 1272 1345 1320 the
1377 1288 1538 1336 many
1564 1272 1780 1320 Lentuli
1804 1272 1999 1320 known
2022 1276 2079 1320 to
2103 1277 2182 1333 uS,
2208 1271 2335 1336 only
2359 1272 2504 1334 such,

508 1353 566 1400 of
603 1369 799 1415 course,
836 1370 892 1403 as
930 1371 1065 1403 were
1100 1355 1542 1419 contemporaries
1581 1355 1639 1403 of
1677 1355 1858 1405 Cicero
1898 1371 1985 1403 are
2024 1354 2148 1403 here
2182 1355 2396 1404 alluded
2432 1359 2503 1404 to.

509 1436 587 1485 Cf.
618 1436 722 1486 Cic.
751 1437 899 1486 Brut.
930 1439 1011 1499 66,
1039 1438 1141 1486 234
1175 1438 1263 1487 Cn.
1293 1442 1469 1487 autem
1509 1438 1840 1507 [Cornelius]
1880 1439 2134 1486 Lentulus
2173 1437 2503 1506 [Clodianus.

508 1535 645 1568 cons.
676 1521 769 1586 72]
798 1521 964 1569 multo
990 1521 1239 1569 maiorem
1267 1521 1571 1584 opinionem
1596 1521 1806 1570 dicendi
1840 1521 2044 1569 actione
2082 1520 2311 1569 faciebat
2348 1536 2507 1584 quam

509 1607 707 1666 quanta
742 1603 799 1651 in
837 1620 896 1652 eo
934 1604 1161 1653 facultas
1201 1609 1313 1653 erat
1339 1643 1349 1653 .
1380 1643 1389 1653 .
1421 1643 1431 1653 .
1459 1620 1556 1653 nec
1594 1605 1864 1653 abundans
1898 1604 2072 1652 verbis
2101 1642 2111 1652 .
2141 1641 2151 1652 .
2181 1641 2191 1652 .
2221 1603 2424 1653 calebat
2449 1603 2507 1652 in

507 1687 724 1749 agendO,
762 1691 823 1735 ut
860 1703 935 1749 ea,
976 1704 1109 1751 quae
1147 1689 1378 1750 deerant,
1418 1704 1523 1736 non
1561 1687 1985 1736 desiderarentur
2013 1725 2023 1735 .
2053 1725 2062 1735 .
2093 1725 2103 1735 .
2134 1686 2209 1736 sic
2246 1687 2506 1737 Lentulus

507 1774 797 1818 ceterarum
840 1771 1101 1819 virtutum
1145 1771 1355 1820 dicendi
1399 1770 1818 1820 mediocritatem
1862 1770 2066 1819 actione
2110 1769 2410 1833 occultavit,
2449 1770 2507 1819 in

441 1907 443 1911 ⁸
507 1869 611 1916 qua
636 1854 898 1902 excellens
933 1855 1053 1903 fuit.
1117 1856 1219 1903 235
1257 1856 1320 1903 P.
1344 1856 1594 1903 Lentulus
1623 1854 1810 1922 [Sura]
1840 1853 1986 1902 cuius
2013 1857 2067 1902 et
2092 1853 2428 1916 excogitandi
2453 1858 2507 1903 et

506 1936 757 2000 loquendi
793 1938 1101 1986 tarditatem
1138 1938 1350 2001 tegebat
1383 1938 1584 1986 formae
1616 1937 1847 2000 dignitas
1877 1975 1886 1985 .
1917 1975 1926 1985 .
1957 1975 1967 1985 .
1997 1937 2054 1984 in
2078 1937 2176 1986 hoc
2201 1936 2339 1985 nihil
2362 1953 2508 2001 prae-

505 2024 587 2068 ter
620 2021 879 2069 actionem
914 2021 1020 2069 fuit
1046 2026 1220 2070 cetera
1246 2021 1405 2070 etiam
1433 2021 1636 2070 minora
1670 2037 1825 2084 quam
1859 2020 1915 2067 in
1946 2020 2228 2084 superiore.
2294 2021 2375 2082 70,
2403 2021 2506 2070 247

514 2104 601 2152 Cn.
632 2109 808 2152 autem
844 2106 1096 2153 Lentulus
1132 2105 1467 2153 Marcellinus
1500 2120 1595 2153 nec
1625 2120 1875 2167 umquam
1907 2103 2194 2151 indisertus
2225 2107 2278 2152 et
2309 2102 2366 2151 in
2391 2119 2509 2152 con-

506 2187 682 2235 sulatu
711 2189 799 2256 (56
829 2204 876 2236 B.
900 2187 968 2253 c.)
998 2189 1345 2252 pereloquens
1383 2188 1529 2236 visus
1568 2192 1663 2248 est,
1703 2203 1808 2235 non
1845 2187 2026 2235 tardus
2065 2185 2361 2247 sententiis,
2400 2202 2507 2236 non

505 2270 656 2334 inops
700 2271 892 2332 verbm,
937 2288 1062 2320 voce
1107 2288 1310 2333 canora,
1357 2271 1560 2320 facetus
1606 2270 1750 2318 satis,
1823 2273 1904 2330 77,
1938 2270 2039 2318 268
2078 2270 2195 2318 Duo
2234 2273 2507 2333 praeterea

505 2354 720 2402 Lentuli
755 2355 1069 2416 consulares,
1099 2372 1319 2418 quorum
1350 2356 1413 2402 P.
1447 2354 1749 2422 [Cornelius
1778 2353 2036 2401 Lentulus
2069 2352 2501 2415 Spinther.-cons.

504 2438 598 2502 57]
626 2476 635 2485 .
666 2476 675 2485 .
707 2476 716 2486 .
741 2437 1000 2502 quidquid
1025 2438 1210 2487 habuit
1232 2477 1241 2486 .
1267 2477 1276 2486 .
1302 2477 1311 2486 .
1335 2442 1505 2486 totum
1531 2437 1718 2485 habuit
1745 2453 1770 2485 e
1799 2436 2112 2500 disciplina3
2150 2435 2507 2485 instrumenta

503 2525 721 2569 naturae
749 2522 966 2569 deerant
993 2560 1002 2569 .
1027 2560 1036 2570 .
1063 2562 1072 2571 .
1095 2523 1154 2570 L.
1184 2526 1360 2570 autem
1395 2520 1727 2589 [Cornelius]
1756 2521 2007 2567 Lentulus
2036 2519 2210 2587 [Orus.
2239 2534 2377 2568 cons.
2405 2519 2502 2585 49]

504 2604 632 2652 satis
672 2609 783 2652 erat
821 2604 976 2653 fortis
1015 2609 1205 2666 orator,
1243 2604 1288 2653 si
1326 2605 1478 2652 modo
1517 2603 2074 2653 oraton—Metellos:
2113 2603 2262 2650 Brut.
2292 2602 2374 2663 70,
2401 2602 2503 2651 247
2557 2643 2568 2654 .

503 2687 605 2735 (1110
641 2687 802 2736 etiam
837 2688 1059 2750 Metelli,
1091 2689 1232 2736 Celer
1260 2692 1421 2756 (cons.
1451 2686 1539 2752 60)
1570 2691 1623 2734 et
1649 2687 1817 2749 Nepos
1847 2690 2007 2755 (cons.
2037 2685 2126 2749 57)
2155 2700 2261 2733 11011
2285 2683 2423 2732 nihil
2448 2684 2505 2732 in

502 2771 672 2819 causis
699 2771 897 2819 versati
922 2788 1017 2820 nec
1044 2771 1156 2820 sine
1183 2771 1394 2834 ingenio
1420 2786 1514 2819 nec
1541 2769 1742 2818 indocti
1797 2769 1864 2817 ad
1889 2768 2001 2816 Att.
2032 2769 2109 2817 VI
2136 2769 2184 2829 3,
2213 2769 2278 2816 10
2316 2767 2504 2816 oratio-

501 2869 621 2901 nem
653 2854 707 2910 Q.
733 2854 930 2903 Celeris
958 2854 1091 2902 mihi
1116 2854 1277 2902 velim
1304 2854 1486 2902 mittas
1514 2857 1698 2902 contra
1723 2853 1795 2899 M.
1822 2851 2120 2900 Servilium.
2140 2851 2500 2901 —Lucullost

500 2938 560 2984 L.
589 2937 827 2984 Licinius
851 2939 1102 2985 Lucullus
1131 2938 1283 3006 (born
1309 2954 1349 2985 c.
1380 2938 1480 2984 114
1518 2951 1657 2984 cons.
1689 2936 1754 2984 74
1793 2934 1915 2983 died
1941 2935 2030 2996 57)
2061 2934 2231 2982 called
2261 2934 2331 2998 by
2357 2933 2499 2982 Plut.

501 3020 625 3068 Luc.
654 3021 720 3067 33
760 3020 902 3072 δεινὸς
941 3025 1091 3070 εἰπεῖν.
1169 3020 1271 3068 His
1306 3020 1411 3068 less
1439 3020 1645 3067 famous
1671 3018 1886 3066 brother
1912 3019 1984 3065 M.
2021 3017 2287 3065 Terentius
2311 3015 2504 3064 Licini-

501 3120 633 3150 anus
666 3104 822 3151 Varro
853 3107 1013 3171 (cons.
1045 3103 1132 3168 73)
1164 3103 1208 3151 is
1236 3103 1541 3151 mentioned
1567 3117 1756 3163 among
1786 3101 1878 3148 the
1917 3099 2155 3164 political
2192 3103 2392 3147 orators
2429 3098 2501 3163 by

501 3185 605 3235 Cic.
646 3185 793 3233 Brut.
835 3187 916 3247 62,
956 3187 1451 3236 222.—Curiones:
1505 3184 1760 3233 ‘Familia
1804 3183 2106 3242 Curionum,
2147 3182 2203 3230 in
2246 3197 2350 3245 qua
2389 3186 2499 3230 tres

499 3268 750 3316 continua
787 3269 920 3316 serie
959 3274 1190 3317 oratores
1230 3268 1554 3317 extiterunt'
1599 3267 1757 3336 (Plin.
1787 3267 1853 3313 N.
1884 3267 1952 3313 H.
1981 3266 2091 3315 VII
2119 3264 2242 3329 133)
2272 3263 2368 3311 viz.
2401 3262 2496 3332 (1).

508 3352 558 3399 C.
604 3351 891 3399 Scribonius
936 3353 1087 3400 Curio
1130 3356 1316 3421 (praet.
1359 3351 1482 3415 121)
1523 3349 1803 3411 according
1839 3353 1894 3396 to
1932 3349 2080 3396 Brut.
2121 3348 2204 3408 32,
2234 3347 2334 3395 122
2373 3361 2498 3395 sane

501 3434 727 3482 illustris
772 3439 961 3495 orator,
1008 3435 1154 3483 cuius
1201 3436 1263 3483 de
1308 3434 1520 3496 ingenio
1565 3449 1626 3481 ex
1672 3431 1997 3480 orationibus
2043 3431 2155 3479 eius
2200 3428 2499 3478 existimari

499 3521 674 3579 potest
751 3517 826 3586 (2)
865 3518 915 3566 C.
949 3517 1101 3565 Scrib.
1139 3518 1289 3566 Curio
1327 3518 1380 3567 C.
1411 3518 1490 3564 F.:
1531 3516 1610 3565 Cf.
1639 3516 1787 3562 Brut.
1819 3516 1900 3574 58,
1929 3515 2030 3562 210
2069 3517 2218 3561 erant
2256 3549 2265 3560 .
2299 3549 2309 3560 .
2340 3549 2350 3560 .
2388 3510 2499 3575 qui-

499 3600 594 3647 bus
635 3600 905 3648 videretur
946 3600 1090 3648 illius
1133 3601 1321 3648 aetatis
1363 3599 1553 3647 tertius
1596 3597 1753 3647 Curio
1798 3601 1958 3665 (cons.
1989 3598 2054 3645 76
2093 3595 2216 3644 died
2252 3596 2318 3643 53
2357 3609 2404 3642 Β.
2425 3592 2494 3658 c.)

2692 3647 2696 3653 '⁴
2687 3377 2713 3627 *-,“⁴.‘³=A⁸t·2‹ag-.‹aeu⁴·
2699 3323 2709 3358 »μυ
2699 3215 2716 3306 vffls
2699 3183 2700 3186 Α
