2716 3964
480 237 588 290 388

508 396 778 455 Valmaggi,
825 398 878 441 L.
1006 398 1110 442 Riv.
1156 397 1206 441 di
1255 398 1430 456 filolog.

570 473 746 517 XVIII
766 488 842 531 pp.
867 473 1097 518 246—249.

506 549 756 607 Wagener.
825 550 938 593 Rev.
959 551 1016 594 de
1039 550 1206 594 l'instr.
1225 551 1357 607 publ.
1373 565 1431 594 en

570 627 797 684 Belgique
820 627 920 670 XX
941 641 1017 684 pp.
1043 627 1274 671 257-284.

506 703 737 757 Walther,
754 704 805 746 F.
857 703 1015 747 Fleck.
1031 703 1198 747 Jahrb.
1216 703 1433 747 CXXXI

602 812 611 822 .
637 780 742 823 276.

505 794 858 910 ngssenborn,
896 856 972 900 W.
1057 856 1215 899 Fleck.
1261 855 1429 900 Jahrb.

567 932 797 975 XXXIII
817 946 862 989 p.
887 931 961 976 47.

1241 254 1716 296 BIBLIOGRAPHY.

1513 398 1755 452 *Wiesler,
1781 399 1818 442 I.
1891 400 2099 444 Tea-tkrit.
2131 418 2174 445 u.
2199 411 2358 462 exeyet.
2382 405 2472 449 Er-

1608 480 1867 533 o'rterunyen
1889 492 1986 520 zum
2008 477 2148 531 Dial„
2174 478 2334 537 Progr.
2358 480 2472 526 Leo-

1605 550 1700 595 ben
1726 552 1844 595 1886
1868 567 1944 610 pp.
1970 553 2044 596 21.

1518 627 1690 681 ·.W01f,
1717 628 1769 671 F.
1795 629 1853 671 A.
1919 628 2074 673 Klein.
2108 629 2299 675 Schrfflz.
2333 631 2360 676 Ι
2390 645 2468 691 pp.

1594 704 1774 747 '66-69.

1513 779 1794 833 *Woelffiim
1813 781 1902 824 Ed.
1948 781 2082 825 Burs.
2097 782 2131 826 J
2133 782 2314 827 ahresb.
2332 784 2468 830 1874.

1609 856 1743 900 1875.
1770 857 1904 901 1876.
1932 857 2066 902 1877.
2093 858 2227 903 1879.

976 1106 1068 1155 1v.
1085 1129 1143 1135 —
1156 1105 1362 1154 STYLE
1402 1105 1544 1154 Am)
1586 1106 1965 1157 LANGUAGE.

471 1243 761 1297 *Andresen,
788 1242 843 1287 G.
911 1244 980 1287 De
1015 1244 1319 1286 vocabulorum
1355 1258 1426 1300 ap.

574 1320 678 1363 Tae.
704 1320 995 1373 collocatione,
1021 1319 1181 1362 Berlin
1208 1318 1343 1363 1874.

472 1395 784 1448 *Boetticher,
803 1395 853 1439 C.
910 1396 979 1438 De
999 1396 1288 1438 alliteratione
1307 1397 1429 1451 apud

565 1473 788 1515 Romanos
824 1473 866 1514 vi
898 1480 937 1515 et
973 1487 1069 1525 usu,
1107 1471 1269 1514 Berlin
1304 1471 1426 1514 Diss.

568 1548 702 1601 1884,
726 1563 770 1604 p.
796 1549 963 1592 39-60.

471 1624 783 1677 *Boettichen
809 1624 886 1667 W.
955 1625 1148 1668 Lexieon
1185 1624 1226 1665 T
1224 1625 1423 1677 aciteum,

566 1701 727 1744 Berlin
754 1702 888 1744 1830.

471 1776 699 1831 *Clemm,
727 1777 782 1822 G.
849 1779 919 1821 De
956 1778 1315 1834 breviloquentiae
1346 1777 1429 1820 Ta-

566 1855 635 1897 cit.
694 1856 950 1912 quibusdam
1005 1855 1245 1912 yeneribus,
1300 1853 1426 1910 Lips.

557 1932 691 1974 1881.

504 2007 857 2065 CzyczkiewiCZ,
871 2007 927 2050 A.
964 2008 1034 2050 De
1054 2007 1103 2049 T.
1113 2008 1320 2050 sermonis
1326 2023 1430 2064 pro-

557 2085 704 2141 priet„
722 2085 966 2140 praecipue
990 2099 1099 2141 quae
1123 2085 1183 2126 ad
1199 2092 1427 2140 poetarum

565 2161 746 2204 dicendi
766 2175 905 2218 genus
931 2161 1182 2217 pertineant
1206 2160 1230 2202 I
1256 2160 1424 2221 (1890)

564 2252 640 2293 pp.
665 2237 724 2280 42
772 2237 822 2279 ΙΙ
848 2237 1016 2298 (1891)
1041 2251 1118 2293 pp.
1143 2236 1217 2279 44.
1254 2236 1425 2294 Brody.

471 2313 721 2370 *Draeger,
749 2314 806 2355 A.
867 2314 1008 2357 Ueber
1032 2313 1201 2369 Syntox
1225 2314 1319 2356 und
1344 2314 1428 2356 Stil

566 2392 641 2433 des
672 2390 794 2443 Tae„
821 2390 974 2432 18823.

502 2466 762 2519 Erdmann,
789 2466 844 2509 O.
920 2466 1061 2509 Ueber
1083 2468 1169 2509 den
1199 2465 1425 2509 Gebrauek

565 2544 645 2586 der
682 2544 756 2585 lat.
792 2542 970 2599 Aslject.
1006 2543 1081 2584 mit
1124 2544 1221 2585 (lem
1265 2542 1424 2595 Gemit„

564 2619 826 2662 namentlielz
866 2619 923 2661 im
963 2621 1005 2661 1.
1045 2619 1215 2671 Jahrb„
1257 2619 1419 2676 Progr.

567 2695 760 2738 Stendal
787 2695 920 2739 1879.

469 2772 755 2823 *Gantrelle,
782 2771 818 2813 Ι.
887 2772 1159 2815 Grammaire
1183 2779 1222 2814 et
1243 2773 1349 2828 style
1372 2787 1426 2815 oe

571 2849 732 2900 Tacite,
759 2847 890 2891 Paris
916 2847 1049 2892 1874.

471 2923 690 2977 *Gerber,
704 2925 759 2966 A.
821 2925 891 2967 De
909 2925 1124 2968 eoniunet.
1145 2932 1269 2980 temp.
1291 2932 1428 2967 ‘ante-

556 3009 800 3058 poslquam,
827 3003 929 3043 (lum
961 3003 1111 3054 donee,
1145 3003 1424 3057 quamquam’

564 3093 645 3119 usu
669 3092 740 3133 ap.
778 3077 898 3130 Tac„
925 3077 1083 3133 Progr.
1115 3076 1426 3120 Glueckstadt

565 3153 858 3196 1874.—De
876 3161 992 3209 part.
1010 3154 1236 3210 propriet„
1263 3152 1422 3209 Progr.

564 3228 785 3272 Kaschau
838 3229 972 3271 1863.
995 3254 1059 3259 —
1081 3230 1150 3272 De
1198 3229 1424 3285 particula

565 3307 675 3358 ‘cm,'
713 3305 873 3361 Progr.
910 3304 1177 3347 Leutschau
1215 3305 1425 3347 1865.—

563 3382 799 3423 Normulla
834 3382 887 3423 de
914 3396 1070 3437 praep.
1097 3396 1179 3422 usu
1213 3395 1283 3436 ap.
1316 3380 1357 3422 T
1355 3395 1421 3423 ac.

564 3457 724 3513 Progr.
752 3455 1061 3500 Glueckstadt
1086 3456 1220 3499 1871.

469 3532 687 3585 *Gerben
708 3533 764 3574 A.
790 3532 882 3575 and
909 3531 1062 3585 Greef‚
1090 3532 1146 3574 A.
1183 3532 1287 3575 Lex.
1316 3532 1420 3574 Tae.

565 3609 633 3666 (A
648 3632 712 3640 —
729 3612 857 3669 que.)

1510 1242 1752 1297 *Gericke‚
1794 1243 1831 1286 I.
1898 1244 1969 1287 De
2005 1245 2251 1288 abundanti
2288 1246 2470 1291 dicendi

1602 1335 1758 1376 yenere
1782 1335 1853 1376 ap.
1886 1321 2006 1374 Tae„
2032 1320 2154 1364 Diss.
2181 1321 2302 1364 Berl.
2329 1322 2465 1366 1882.

1543 1394 1732 1449 Goebel,
1751 1395 1801 1439 C.
1842 1396 1912 1439 De
1928 1404 2044 1453 poet.
2072 1397 2176 1440 Tae.
2200 1398 2290 1441 stili
2311 1399 2465 1453 colore,

1603 1471 1730 1528 Lips.
1758 1473 1892 1515 1881.

1508 1547 1694 1602 *Greef,
1715 1549 1773 1591 A.
1829 1549 1899 1592 De
1915 1564 2073 1606 praep.
2093 1552 2216 1606 apud
2241 1550 2346 1594 Tae.
2366 1565 2464 1606 usu,

1602 1624 1725 1668 Diss.
1753 1625 2039 1683 Goettingen
2066 1626 2200 1669 1869.

1542 1700 1847 1755 Grossmann,
1892 1701 1969 1746 W.
2074 1702 2143 1746 De
2179 1703 2342 1760 partie.
2389 1711 2465 1748 ‘ne

1601 1779 1859 1835 -quidem,’
1870 1778 2029 1835 Progr.
2042 1779 2305 1822 Allenstein
2323 1779 2458 1823 1884.

1542 1854 1726 1907 Gruter,
1752 1855 1828 1897 Fr.
1903 1856 2044 1899 Ueber
2081 1857 2152 1899 die
2190 1856 2369 1912 Synesis
2405 1856 2465 1900 im

1601 1931 1775 1974 Latein.
1786 1947 1828 1973 u.
1845 1931 2204 1989 Grieck.,Prog1-.
2220 1931 2466 1976 Muenster

1604 2007 1738 2050 1855.

1541 2083 1773 2136 Hahn,H.
1819 2084 1889 2126 De
1901 2092 2035 2140 parti.
2058 2085 2204 2142 ‘quasi
2214 2086 2224 2103 ’
2243 2092 2282 2128 et
2307 2085 2462 2128 ‘velut’

1603 2176 1685 2202 usu
1716 2160 1836 2213 Tae„
1862 2160 1984 2204 Diss.
2011 2160 2297 2218 Goettingen
2323 2161 2458 2206 1877.

1541 2237 1698 2294 Helm,
1741 2236 1816 2279 Fr.
1889 2237 2062 2287 Quaest.
2102 2245 2212 2294 synt.
2249 2238 2304 2280 de
2341 2244 2459 2294 part.

1602 2328 1685 2356 usu
1717 2313 1837 2366 Tae„
1862 2313 1982 2356 Vell.
2017 2313 2142 2366 Sall„
2168 2312 2294 2370 Lips.
2320 2313 2456 2358 1879.

1541 2389 1748 2442 Hensell,
1777 2389 1851 2431 Fr.
1931 2389 2000 2432 De
2029 2404 2186 2446 praep.
2226 2390 2343 2446 ‘per’
2379 2403 2463 2432 usu

1608 2466 1727 2518 Tac„
1754 2465 1875 2508 Diss.
1901 2465 2132 2522 Marburg
2156 2466 2290 2510 1876.

1538 2542 1877 2594 Huettemann‚
1920 2541 1971 2584 F.
2036 2543 2089 2585 de
2125 2557 2208 2584 usu
2243 2542 2457 2585 subiunct.

1600 2619 1721 2661 relat.
1747 2625 1785 2661 et
1819 2619 1949 2661 absol.
1985 2633 2055 2674 ap.
2089 2617 2193 2661 Tac.
2225 2618 2272 2660 in
2295 2618 2462 2662 concio-

1601 2695 1726 2736 nibus
1793 2695 1986 2751 obliquis,
2036 2693 2158 2738 Diss.
2214 2693 2463 2738 Muenster

1603 2770 1737 2813 1864.

1506 2846 1657 2899 *Ihm‚
1677 2845 1731 2889 G.
1779 2847 1950 2896 Quaest.
1966 2854 2076 2902 synt.
2093 2848 2148 2890 de
2163 2847 2315 2890 elocut.
2338 2845 2381 2888 T
2377 2861 2459 2900 ac„

1600 2922 1722 2966 Diss.
1749 2921 1941 2966 Giessen
1967 2923 2099 2965 1882.

1535 2998 1770 3051 Joachim,
1807 2998 1862 3041 R.
1929 2999 2164 3042 Nonnulla
2208 3000 2262 3042 ‹Ie
2306 2999 2459 3043 elocut.

1606 3076 1725 3127 Tac„
1752 3075 1910 3131 Progr.
1938 3074 2143 3118 Goerlitz
2169 3074 2302 3117 1862.

1535 3150 1763 3207 Joerling.
1839 3151 1979 3194 Ueber
2005 3152 2090 3194 den
2123 3150 2351 3194 Gebraueh
2383 3151 2460 3193 des

1603 3227 1814 3279 Gerunsl„
1840 3228 1933 3269 und
1966 3227 2205 3270 Gerundiv.
2241 3224 2308 3269 bei
2338 3225 2457 3279 Tac„

1598 3303 1757 3359 Progr.
1785 3302 1969 3345 Gnesen
1996 3303 2129 3346 1879.

1534 3379 1888 3435 *Jungclassen‚
1916 3378 1990 3421 W.
2017 3378 2068 3421 F.
2141 3379 2314 3428 Quaest.
2343 3385 2456 3434 synt.

1596 3457 1649 3498 (Ie
1675 3455 1779 3497 Tae.
1802 3470 1925 3497 serm.
1946 3455 2152 3510 propriet.
2178 3455 2223 3496 in
2245 3468 2460 3509 usurpan-

1594 3532 1663 3574 dis
1686 3531 1800 3573 verbi
1822 3531 2089 3586 temporibus,
2118 3530 2268 3582 modis,
2280 3529 2456 3586 partic„

1597 3606 1720 3649 Diss.
1749 3605 1855 3648 Kiel
1881 3605 2014 3649 1848.
