2716 3964
441 239 551 291 234
1334 250 1540 294 No'rEs,

509 399 576 446 24
614 398 871 448 minorem
901 410 1010 447 esse
1038 398 1182 446 fama
1212 410 1333 447 sua:
1363 395 1375 416 ¹
1393 395 1510 445 Fell
1536 396 1684 446 short
1703 397 1761 447 of
1784 397 1868 447 his
1894 398 2228 463 reputation.'
2266 401 2435 450 Fama

440 499 535 532 sua
571 481 683 530 also
709 496 749 529 c.
779 481 847 528 24
875 486 924 527 12
962 479 1059 542 Ag.
1083 480 1113 528 8
1142 479 1210 527 Η.
1233 479 1325 527 III
1351 479 1433 528 28.
1455 480 1521 529 32
1562 479 1700 531 Ann.
1720 481 1797 530 VI
1822 481 1889 530 26
1915 482 2047 531 XVI
2073 482 2155 544 24,
2174 482 2268 532 but
2293 483 2436 533 fama

440 565 690 615 sui—H.
738 563 829 619 III
872 563 904 611 3
959 562 1095 610 Ann.
1140 562 1200 610 II
1245 562 1310 611 13
1365 562 1469 612 XV
1510 564 1557 611 4.
1603 564 2165 614 49.—admiratores:
2203 565 2257 614 It
2299 581 2435 616 were

439 647 757 709 interesting
805 649 862 694 to
910 644 1067 693 know
1109 645 1252 694 what
1290 660 1507 709 persons
1547 661 1634 694 are
1674 646 1798 695 here
1838 647 2074 696 referred
2109 651 2179 709 to,
2223 647 2310 698 for
2343 649 2436 698 the

440 735 726 784 statement
751 729 795 778 is
823 727 1271 792 unquestionably
1302 728 1464 777 based
1499 718 1642 793 up'on
1679 730 1962 794 published
2000 730 2282 780 criticisms
2322 732 2437 781 still

439 817 721 868 accessible
747 820 803 864 to
830 814 1059 863 Tacitus,
1080 846 1149 851 —
1165 814 1274 863 nisi
1299 815 1434 864 forte
1455 845 1463 854 ·
1491 846 1501 856 ·
1527 845 1536 855 ·
1563 816 1671 864 nisi
1692 816 1809 880 qui:
1838 816 1870 864 i.
1893 832 1935 865 e.
1964 832 2032 864 no
2057 832 2155 865 one
2175 816 2288 865 will
2312 817 2438 867 read

439 902 580 951 their
629 900 876 965 speeches
914 898 1093 946 unless
1146 897 1190 946 it
1231 898 1296 946 be
1339 914 1436 947 one
1474 898 1591 947 who
1629 899 1740 948 also
1776 899 2003 948 admires
2052 899 2193 948 their
2241 915 2434 964 poems.

441 985 521 1035 Cf.
551 986 669 1033 Tac.
698 984 836 1032 Ann.
866 982 957 1030 III
985 983 1050 1031 57
1088 981 1194 1030 nisi
1221 1019 1231 1029 .
1263 1019 1272 1029 .
1303 1019 1313 1030 .
1342 987 1631 1044 censerent,
1667 982 1773 1031 nisi
1809 983 1950 1046 quod
1987 984 2060 1031 M.
2102 983 2312 1032 Silanus
2344 1021 2355 1032 .
2384 1021 2395 1032 .
2425 1021 2436 1032 .

441 1069 592 1118 dixit.
633 1084 673 1117 c.
702 1068 767 1116 31
796 1075 849 1114 10
888 1082 1041 1114 nemo
1082 1065 1187 1113 nisi
1227 1064 1319 1128 qui
1356 1066 1422 1114 37
1448 1072 1516 1113 23.

510 1152 576 1200 25
615 1165 708 1215 pro
739 1151 895 1200 Decio
928 1150 1194 1200 Samnite:
1233 1147 1476 1211 Nothing
1501 1148 1545 1196 is
1582 1148 1776 1196 known
1813 1148 1870 1197 of
1904 1148 2014 1197 this
2052 1148 2348 1199 individual
2381 1166 2440 1199 or

440 1236 498 1284 of
540 1251 570 1283 a
612 1234 804 1298 speech
846 1233 904 1281 of
947 1233 1139 1283 Caesar
1183 1231 1240 1279 in
1279 1231 1363 1279 his
1400 1230 1586 1280 behalf
1622 1232 1727 1280 and
1761 1231 1925 1280 hence
1969 1247 2066 1280 one
2110 1231 2156 1280 is
2199 1232 2440 1298 strongly

440 1318 680 1382 tempted
702 1321 759 1365 to
786 1316 984 1379 change
1011 1316 1102 1364 the
1130 1330 1280 1364 name
1319 1314 1433 1362 into
1469 1314 1680 1363 Decitio.
1757 1314 1837 1364 Cf.
1867 1314 1970 1364 Cic.
1999 1330 2093 1379 pro
2120 1314 2326 1365 Cluent.
2354 1316 2436 1378 59,

442 1402 541 1450 161
581 1402 672 1451 Cn.
697 1399 904 1448 Decitio
934 1398 1184 1460 Samnite,
1213 1397 1263 1446 ei
1290 1397 1382 1461 qui
1407 1397 1733 1462 proscriptus
1761 1402 1842 1446 est
1868 1396 2116 1446 iniuriam
2153 1397 2210 1446 in
2234 1398 2441 1447 calami-

440 1488 552 1533 tate
579 1483 691 1532 eius
718 1483 783 1532 ab
810 1482 967 1530 huius
995 1481 1203 1530 familia
1227 1481 1425 1530 factam
1451 1496 1564 1529 esse
1598 1480 1829 1542 dixistis,
1856 1480 1947 1529 the
1974 1496 2102 1544 very
2127 1496 2441 1530 uncommon

441 1583 593 1616 name
633 1566 832 1629 having
871 1566 996 1614 here
1023 1565 1135 1614 also
1161 1564 1295 1612 been
1334 1563 1616 1627 corrupted
1653 1563 1709 1611 in
1745 1579 1776 1612 a
1811 1563 2031 1612 number
2057 1563 2114 1612 of
2146 1564 2296 1614 MSS.
2326 1563 2440 1613 into

441 1651 533 1700 the
560 1666 702 1699 more
729 1648 964 1698 familiar
991 1647 1199 1697 Decius,

512 1735 579 1783 26
617 1748 710 1798 pro
752 1734 998 1783 Deiotaro
1029 1746 1177 1796 rege:
1219 1729 1347 1779 This
1375 1730 1568 1794 speech
1592 1745 1699 1778 was
1738 1729 2007 1778 delivered
2042 1729 2224 1779 before
2250 1730 2441 1780 Caesar

443 1823 498 1867 at
523 1817 723 1866 Nicaea
760 1816 816 1863 in
842 1817 909 1864 46
939 1831 984 1863 B.
1009 1830 1050 1863 c.
1129 1814 1208 1864 Cf.
1239 1813 1343 1864 Cic.
1373 1813 1440 1862 ad
1466 1812 1578 1861 Att.
1607 1813 1742 1862 XIV
1767 1813 1813 1874 1,
1841 1814 1872 1860 2
1913 1813 2188 1862 Caesarem
2225 1813 2441 1863 solitum

430 1901 616 1951 dicere
645 1919 655 1949 τ
696 1899 874 1962 magni
900 1898 1065 1947 refert
1090 1898 1177 1946 hic
1208 1901 1298 1966 (sc.
1327 1895 1548 1961 Brutus)
1578 1896 1707 1959 quid
1731 1896 1878 1957 velit,
1907 1897 2000 1945 sed
2030 1896 2293 1969 quidquid.
2325 1897 2442 1946 vult

443 1985 596 2034 valde
623 1984 753 2032 vult.
798 1982 1115 2052 (translated
1138 1981 1210 2045 by
1235 1981 1375 2029 Plut.
1404 1980 1551 2028 Brut.
1580 1979 1634 2044 6)
1676 1979 1834 2043 idque
1861 1995 1979 2028 eum
2005 1979 2441 2030 animadvertisse

444 2085 562 2118 cum
598 2083 693 2131 pro
737 2066 989 2115 Deiotaro
1031 2065 1259 2114 Nicaeae
1301 2064 1512 2124 diceret,
1545 2063 1697 2111 valde
1736 2063 2074 2112 vehementer
2113 2079 2232 2112 eum
2268 2063 2442 2112 visum

444 2156 526 2200 est
551 2156 603 2200 et
628 2151 792 2199 libere
819 2149 992 2198 dicere
1041 2149 1188 2196 Brut.
1219 2148 1266 2209 5,
1294 2147 1359 2195 21
1400 2162 1608 2195 causam
1645 2146 1883 2194 Deiotari
1911 2185 1920 2194 .
1950 2184 1960 2195 .
1991 2184 2000 2194 .
2029 2146 2362 2196 ornatissime
2388 2151 2443 2195 et

444 2233 805 2299 copiosissime
847 2248 878 2281 a
915 2233 1082 2280 Bruto
1123 2247 1204 2279 me
1245 2230 1453 2279 audisse
1489 2229 2177 2294 defensam—ceterosque
2208 2231 2442 2280 eiusdem

445 2318 788 2369 lentitudinis
819 2331 880 2366 ac
910 2316 1138 2379 teporis:
1169 2314 1334 2363 Other
1361 2313 1609 2377 speeches
1636 2312 1693 2360 of
1718 2313 1914 2361 Brutus
1941 2329 2077 2361 were
2103 2314 2163 2361 de
2182 2313 2444 2361 dictatura

444 2401 663 2464 Pompei
692 2399 893 2470 (Quint.
931 2399 1015 2446 IX
1052 2400 1099 2459 3,
1136 2398 1244 2462 95),
1287 2401 1342 2445 at
1381 2396 1616 2446 Caesar’s
1659 2395 1882 2456 funeral,
1923 2411 1954 2444 a
1995 2397 2226 2444 laudatio
2264 2396 2323 2444 of
2357 2395 2441 2445 his

445 2483 820 2537 father-in-law
858 2481 1064 2545 Appius
1111 2480 1361 2531 Claudius
1411 2479 1730 2548 (Diomedes,
1785 2479 1844 2527 G.
1875 2479 1931 2526 L.
1963 2479 1989 2525 I
2016 2478 2154 2543 367),
2203 2478 2442 2528 likewise

445 2569 504 2617 of
539 2568 622 2615 his
648 2566 817 2626 uncle,
845 2566 918 2613 M.
948 2565 1091 2615 Cato,
1168 2565 1287 2612 Tac.
1317 2562 1455 2610 Ann.
1485 2562 1563 2611 IV
1589 2563 1656 2610 34
1694 2561 1804 2610 also
1831 2561 2093 2610 mentions
2143 2561 2441 2611 ‘contiones

445 2650 601 2699 Bruti
627 2650 766 2698 falsa
791 2648 1003 2712 quidem
1029 2647 1085 2694 in
1119 2646 1419 2708 Augustum
1444 2644 1635 2708 probra
1670 2645 1763 2692 sed
1800 2644 1967 2692 multa
2003 2660 2121 2692 cum
2157 2644 2443 2694 acerbitate

447 2733 672 2783 habent⁷
718 2748 774 2780 as
820 2731 934 2780 still
978 2730 1033 2778 in
1072 2730 1163 2778 the
1213 2730 1381 2778 hands
1423 2728 1481 2776 of
1529 2728 1738 2776 readers
1788 2728 1884 2796 (25
1930 2741 1980 2775 A.
2002 2743 2051 2775 D.
2070 2727 2183 2791 ).-—-
2199 2728 2445 2776 lentitudo

447 2815 748 2865 ‘dullnessff
823 2814 904 2864 Cf.
945 2829 986 2862 c.
1020 2814 1086 2861 22
1116 2821 1164 2860 11
1203 2812 1381 2860 lentus
1420 2811 1476 2858 in
1514 2809 1791 2874 principiis
1830 2810 1934 2858 and
1973 2810 2103 2859 Stat.
2134 2809 2260 2858 Silv.
2291 2810 2370 2860 IV
2395 2812 2441 2871 9,

448 2902 514 2949 20
553 2898 708 2947 Bruti
735 2897 875 2945 senis
902 2895 1241 2945 oscitationes
1273 2894 1316 2963 (‘
1333 2893 1687 2956 long-winded
1713 2893 2019 2957 speeches.')
2038 2900 2276 2956 —tepor,
2304 2892 2447 2941 liter-

448 2983 558 3047 ally
595 2981 1021 3039 lukewarmness,
1049 2978 1208 3040 being
1244 2978 1300 3025 in
1338 2976 1583 3038 meaning
1620 2975 1848 3038 midway
1873 2975 2109 3023 between
2147 2974 2444 3024 ‘fervidus'

449 3066 552 3115 and
579 3063 865 3126 ‘frigidus'
940 3062 1019 3111 Cf.
1051 3062 1167 3110 Sen.
1197 3062 1291 3124 Ep.
1313 3061 1394 3120 92,
1423 3060 1504 3107 21.
1570 3058 1640 3107 Of
1664 3058 1802 3121 style
1829 3058 1955 3122 only
1980 3058 2104 3106 here
2126 3058 2229 3106 and
2249 3057 2304 3105 in
2325 3058 2447 3106 For-

447 3147 706 3197 tunatian.
752 3145 930 3213 (Rhet.
961 3145 1074 3192 Lat.
1105 3144 1236 3191 Min.
1266 3160 1313 3207 p.
1344 3143 1460 3203 126,
1489 3142 1519 3190 8
1548 3141 1641 3204 Η.)
1678 3141 1809 3205 μέσῳ
1851 3144 1941 3209 (sc.
1983 3156 2171 3203 genere
2210 3140 2442 3205 dicendi)

450 3231 591 3295 quod
616 3234 697 3278 est
723 3228 1043 3277 contrarium
1066 3229 1092 3275 ?
1131 3227 1358 3289 tepidum
1383 3241 1442 3274 ac
1469 3224 1786 3273 dissolutum
1822 3228 1875 3271 et
1902 3224 2047 3272 velut
2085 3239 2287 3272 enerve.
2363 3222 2442 3272 Cf.

450 3330 490 3362 c.
520 3314 586 3361 22
615 3320 666 3360 13
707 3325 824 3360 raro
864 3310 1139 3359 incalescit
1179 3309 1283 3357 and
1323 3308 1426 3358 Cic.
1466 3308 1613 3355 Brut.
1651 3307 1733 3367 48,
1763 3307 1861 3354 178
1901 3306 2059 3354 nimis
2103 3306 2194 3354 ille
2235 3306 2447 3369 quidem

449 3397 628 3445 lentus
655 3395 711 3442 in
738 3394 957 3442 dicendo
984 3398 1036 3440 et
1064 3408 1226 3455 paene
1254 3391 1481 3453 frigidus
1513 3388 1856 3459 (=tepidus)
1887 3389 1979 3437 sed
2005 3393 2057 3437 et
2083 3388 2321 3448 callidus,
2343 3388 2448 3437 and

452 3480 509 3527 of
544 3480 742 3526 Brutus
781 3475 1014 3535 himself,
1045 3475 1147 3524 Cic.
1178 3475 1243 3522 ad
1278 3474 1389 3521 Att.
1419 3474 1521 3521 XV
1547 3473 1575 3519 1
1616 3476 1695 3519 est
1733 3471 1900 3519 oratio
1939 3471 2136 3535 scripta
2172 3470 2448 3533 elegantis-

453 3562 582 3610 sime
625 3558 903 3609 sententiis
945 3562 996 3606 et
1035 3557 1207 3605 verbis
1245 3561 1304 3603 ut
1344 3555 1481 3603 nihil
1518 3554 1686 3618 possit
1717 3553 1874 3613 ultra,
1904 3569 1999 3616 ego
2024 3558 2202 3602 tamen
2229 3552 2275 3601 si
2300 3552 2448 3601 illam
