2716 3964
493 260 602 312 122
1383 271 1591 312 NOTEs.

492 435 630 467 crem
662 418 992 481 voluptatem
1031 417 1170 480 quod
1205 417 1345 464 hunc
1382 415 1577 465 librum
1606 420 1695 487 (sc.
1725 417 2133 484 Panegyricum)
2163 434 2281 468 cum
2306 420 2488 471 amicis

492 501 713 550 recitare
739 500 1040 559 voluissem,
1067 515 1172 546 non
1198 514 1290 563 per
1317 499 1601 560 codicillos,
1629 516 1734 548 non
1768 516 1861 564 per
1887 500 2111 562 libellos,
2139 502 2233 550 sed
2257 501 2269 522 ³
2285 501 2333 550 si
2356 518 2490 552 com-

492 584 733 632 modum'
774 588 826 632 et
864 582 937 631 ‘si
963 582 1116 630 valde
1142 581 1382 630 vacaret'
1412 582 1670 630 admoniti
1700 586 2006 652 (numquam
2037 599 2192 647 porro
2217 588 2308 633 aut
2331 585 2487 636 valde

489 674 642 715 vacat
681 668 879 714 Romae
917 669 1007 714 aut
1044 665 1372 713 commodum
1412 669 1493 713 est
1533 665 1713 714 audire
1753 665 2102 731 recitantem).
2177 684 2354 730 roqare
2389 668 2488 733 ‘by

489 749 681 810 letter,'
710 749 900 797 ambire
927 755 940 779 ί
954 748 1026 812 by
1051 747 1162 796 0161
1189 735 1577 805 solicitations-.'>

560 833 625 882 17
665 834 872 882 domum
902 834 1200 881 mutuatur:
1241 831 1354 878 Iuv.
1395 831 1505 880 VII
1543 832 1608 880 38
1643 832 1697 879 ff.
1739 832 1785 880 si
1823 832 2099 881 dulcedine
2136 833 2307 882 famae
2341 833 2347 904 Ι
2379 848 2491 884 suc-

489 931 674 964 census
725 914 930 976 recites,
983 914 1275 962 maculosas
1338 915 1633 962 commodat
1682 915 1836 963 aedes
1871 914 1877 985 Ι
1910 915 2037 964 11666
2085 915 2239 979 longe
2288 916 2488 968 ferrata

489 999 672 1047 domus
712 998 910 1047 servire
948 997 1159 1045 iubetur
1192 996 1197 1067 Ι
1231 996 1287 1044 111
1318 1013 1422 1060 qua
1451 997 1705 1046 sollicitas
1737 997 1978 1046 imitatur
2004 997 2162 1047 ianua
2186 1003 2364 1063 portas
2391 1038 2402 1049 .
2430 1038 2442 1049 .
2472 1038 2484 1049 .

487 1098 640 1130 nemo
684 1081 831 1129 dabit
873 1097 1068 1143 regum,
1116 1080 1302 1144 quanti
1346 1080 1598 1129 subsellia
1645 1086 1887 1129 constent
1921 1080 1926 1150 Ι
1959 1086 2012 1129 61
2055 1098 2187 1146 quae
2230 1084 2486 1133 conducto

488 1166 719 1228 pendent
739 1164 1030 1213 anabathra
1048 1163 1223 1226 tigillo
1257 1163 1262 1232 Ι
1296 1179 1532 1226 quaeque
1558 1164 1889 1228 reportandis
1915 1165 2090 1228 posita
2113 1170 2194 1214 est
2219 1166 2487 1216 orchestra

487 1247 766 1297 cathedris.
845 1247 927 1297 On
965 1246 1271 1295 recitations
1310 1246 1366 1293 in
1403 1247 1583 1308 Rome,
1612 1262 1698 1295 see
1724 1247 2069 1296 Friedlander
2094 1247 2205 1296 111⁶
2226 1250 2483 1312 419-424,

487 1332 590 1380 and
628 1330 914 1394 especially
940 1330 1031 1378 the
1069 1329 1379 1378 exhaustive
1417 1334 1566 1378 notes
1597 1331 1655 1378 of
1691 1331 1879 1394 Mayor
1903 1335 1959 1379 to
1985 1331 2098 1379 Iuv.
2127 1331 2218 1379 III
2243 1333 2275 1381 9
2305 1332 2427 1401 (vol.
2456 1333 2486 1382 I

486 1432 535 1479 p.
566 1414 819 1464 173-181.
848 1414 949 1462 346
976 1412 1039 1478 f.)
1083 1413 1193 1462 VII
1230 1413 1295 1461 38
1322 1412 1375 1460 ff.
1409 1412 1531 1482 (vol.
1560 1413 1588 1460 I
1625 1414 1726 1462 282
1754 1414 1790 1462 f.
1819 1414 1943 1479 443)
1986 1414 2053 1462 84
2100 1414 2223 1482 (vol.
2252 1415 2281 1463 I
2316 1415 2418 1466 289
2443 1416 2482 1465 f.

486 1498 629 1562 445).

558 1582 621 1630 18
662 1582 873 1631 libellos
905 1581 1190 1644 dispergit:
1218 1579 1553 1628 ‘distributes
1579 1581 1959 1644 programmes'
1987 1585 2081 1629 not
2107 1580 2119 1601 ³
2137 1580 2484 1645 invitation8,'

486 1681 542 1713 as
577 1664 788 1728 usually
813 1664 1156 1727 interpreted,
1186 1663 1269 1711 for
1304 1663 1454 1711 these
1492 1663 1625 1712 have
1661 1663 1794 1712 been
1831 1664 2045 1728 already
2070 1664 2380 1728 designated
2413 1665 2486 1731 by

485 1747 730 1811 ‘rogare'
807 1747 885 1797 Of.
925 1746 1029 1796 Cic.
1070 1746 1207 1795 Phil.
1247 1747 1305 1794 II
1338 1747 1420 1808 38,
1461 1748 1526 1795 97
1562 1746 1911 1809 gladiatorum
1948 1747 2157 1796 libellos
2191 1748 2480 1798 venditare.

488 1832 568 1881 On
607 1831 698 1879 the
739 1847 898 1894 many
935 1829 1316 1892 significations
1355 1829 1412 1878 of
1452 1828 1681 1889 libellus,
1724 1845 1809 1878 see
1847 1830 2134 1893 Landgraf,
2173 1830 2365 1880 Archiv
2404 1832 2483 1883 VI

485 1931 533 1978 p.
564 1915 679 1963 248.

425 2003 427 2007 “
556 1999 620 2046 19
665 2002 725 2047 111
753 1998 1091 2047 beatissimus
1123 2028 1132 2038 ·
1169 2028 1178 2038 ·
1217 2028 1225 2037 ·
1263 2000 1478 2046 eventus
1517 2001 1886 2061 prosequatur:
1926 2005 1985 2045 ut
2028 1996 2039 2016 ³
2061 2013 2193 2046 even
2236 1999 2484 2063 granting

483 2082 633 2142 that,'
662 2096 841 2129 occurs
869 2084 962 2128 not
987 2079 1177 2128 earlier
1202 2080 1333 2128 than
1359 2079 1555 2140 Cicero,
1583 2079 1701 2127 who
1727 2095 1846 2128 uses
1878 2079 1921 2128 it
1953 2079 2010 2128 in
2042 2080 2151 2129 this
2178 2096 2329 2130 sense
2351 2097 2483 2147 very

484 2164 804 2228 frequently.
881 2164 934 2211 It
972 2163 1016 2211 is
1055 2167 1149 2211 not
1187 2162 1353 2210 found
1391 2162 1447 2209 in
1483 2162 1696 2223 Sallust,
1725 2163 1829 2211 and
1855 2162 1898 2211 is
1927 2164 2342 2229 comparatively
2365 2181 2481 2214 rare

484 2247 541 2295 in
566 2248 717 2296 other
741 2248 963 2296 Writers.
1039 2247 1217 2305 Quint.
1236 2247 1314 2297 VI
1340 2248 1387 2308 3,
1410 2247 1509 2294 112
1537 2246 1591 2294 111
1619 2246 1807 2310 quibus
1833 2251 1893 2295 ut
1920 2247 2219 2309 erraverim,
2245 2248 2480 2311 legentes

483 2336 661 2379 tamen
697 2348 803 2379 non
841 2330 1037 2394 decepi.
1114 2331 1179 2378 In
1206 2330 1456 2378 Tacitus:
1495 2330 1631 2377 Ann.
1662 2330 1740 2379 IV
1764 2331 1830 2378 33
1867 2335 2030 2393 utque
2065 2331 2300 2380 familiae
2334 2331 2481 2396 ipsae

484 2415 776 2463 exstinctae
804 2415 912 2463 sint
938 2415 1004 2462 40
1041 2430 1136 2476 ego
1173 2418 1233 2461 ut
1272 2413 1455 2461 sinam.
1533 2413 1621 2476 Cp.
1652 2414 1742 2461 Dr.
1764 2415 1831 2460 Η.
1856 2413 1905 2461 S.
1936 2414 1994 2461 ΙΙ
2022 2415 2120 2463 758
2148 2414 2482 2464 ff.—beatis-

482 2498 644 2545 simus
669 2506 874 2546 eventus
905 2497 1072 2545 ‘most
1110 2496 1404 2560 gratifying
1440 2511 1661 2556 success,
1694 2496 1867 2544 issue!
1943 2495 2235 2546 ‘Eventus'
2263 2497 2308 2546 is
2342 2513 2374 2547 a
2406 2514 2483 2547 so-

483 2581 652 2629 called
695 2581 1006 2629 vocabulum
1044 2580 1291 2640 medium,
1331 2579 1585 2642 denoting
1620 2579 1789 2627 either
1823 2595 1854 2627 a
1887 2580 2020 2642 good
2057 2596 2114 2628 or
2154 2580 2258 2629 bad
2298 2581 2478 2630 result.

483 2664 563 2713 Cf.
593 2664 731 2711 Plin.
762 2665 858 2727 Ep.
886 2665 935 2713 V
959 2664 1041 2725 20,
1069 2664 1100 2711 2
1142 2663 1223 2726 egi
1258 2679 1352 2726 pro
1378 2663 1600 2722 Vareno,
1640 2678 1744 2710 non
1782 2662 1895 2710 sine
1930 2668 2155 2711 eventu:
2191 2679 2313 2712 nam
2348 2664 2480 2713 bene

483 2763 550 2795 an
586 2747 735 2807 male,
763 2747 898 2794 liber
928 2746 1196 2795 indicabit.
1277 2746 1423 2794 Used
1460 2745 1514 2792 in
1552 2745 1742 2793 bonam
1781 2750 1984 2809 partem
2022 2745 2077 2793 in
2117 2746 2254 2795 Ann.
2297 2747 2357 2795 II
2394 2748 2478 2809 26,

482 2830 655 2878 where
683 2846 768 2878 see
794 2830 1117 2894 Nipperdey.
1140 2861 1211 2866 --
1230 2832 1647 2893 prosequatur=
1666 2833 1930 2891 sequatur.
2007 2829 2086 2878 Cf.
2110 2834 2233 2878 note
2259 2846 2300 2879 6.
2329 2833 2359 2880 7
2388 2838 2452 2879 17.

551 2914 618 2962 20
657 2929 820 2963 unum
852 2917 944 2962 aut
975 2914 1229 2963 alterum:
1263 2913 1341 2962 Cf.
1372 2927 1411 2960 c.
1442 2912 1506 2959 21
1534 2919 1560 2958 6
1592 2912 1657 2959 29
1684 2920 1709 2958 2
1741 2912 1807 2959 39
1836 2919 1887 2958 13
1913 2911 2009 2974 Ag.
2040 2913 2119 2960 15.
2142 2914 2208 2961 40
2229 2913 2366 2962 Α1111.
2389 2914 2480 2962 III

482 2998 547 3045 34
587 2997 691 3044 611(1
730 2997 790 3046 G.
820 2997 850 3044 6
892 2996 961 3044 H.
993 2996 1019 3043 I
1060 2996 1126 3044 83
1158 2995 1294 3043 Ann.
1325 2996 1414 3042 III
1453 2996 1533 3043 47.
1573 2995 1651 3043 IV
1681 2995 1745 3042 17
1778 3010 1912 3043 unus
1939 2995 2154 3044 alterve.
2229 2996 2298 3044 H.
2328 2997 2387 3044 II
2413 2997 2479 3046 75

482 3080 619 3127 Ann.
650 3079 795 3127 XIII
820 3080 887 3127 46
913 3094 1048 3126 unus
1076 3077 1326 3141 alterque.
1392 3078 1461 3125 H.
1491 3079 1538 3127 V
1564 3078 1595 3126 6
1620 3092 1756 3124 unus
1784 3082 1941 3140 atque
1969 3078 2115 3126 alter.
2192 3079 2303 3127 The
2329 3094 2481 3142 copu-

481 3162 644 3210 lative
683 3162 1023 3225 conjunction
1062 3162 1155 3210 has
1188 3177 1253 3209 an
1287 3161 1549 3209 intensive
1580 3160 1722 3208 force
1754 3161 1837 3228 (Gr.
1868 3161 1931 3207 11
1964 3165 2017 3209 et
2050 3161 2185 3209 alter
2210 3166 2263 3210 et
2287 3161 2477 3210 tertius

482 3245 593 3293 dies
621 3244 951 3293 cunctatione
983 3245 1309 3293 consumitur
1336 3244 1463 3291 Hor.
1491 3243 1595 3291 Sat.
1619 3243 1677 3290 ΙΙ
1703 3243 1750 3303 5,
1778 3243 1844 3290 24
1872 3243 2021 3291 vafer
2045 3259 2180 3292 unus
2207 3249 2260 3292 et
2284 3244 2440 3309 alter)
2465 3263 2477 3307 ;

480 3328 662 3392 joined
696 3327 767 3391 by
794 3327 935 3375 ‘aut’
964 3344 1022 3375 or
1045 3327 1168 3388 ‘ve,⁷
1196 3328 1286 3375 the
1319 3327 1510 3390 phrase
1545 3326 1754 3389 implies
1782 3326 1950 3374 either
1977 3326 1988 3346 ‘
2006 3343 2037 3375 a
2061 3327 2163 3375 few
2181 3328 2193 3351 '
2225 3332 2304 3396 (so
2329 3327 2475 3392 here)

483 3427 539 3459 or
566 3411 577 3431 “
594 3427 690 3459 0116
717 3427 774 3459 01
799 3411 889 3458 1116
917 3411 1096 3458 0111617
1123 3410 1283 3458 taken
1312 3415 1367 3458 at
1394 3410 1623 3458 random.
1690 3409 1768 3458 Cf.
1791 3409 1952 3473 Nipp.
1973 3410 2109 3458 Ann.
2130 3411 2219 3458 III
2239 3412 2306 3460 34
2331 3411 2479 3461 John

483 3495 548 3542 ad
575 3510 615 3542 c.
644 3494 709 3542 21
736 3502 762 3540 6
796 3493 1048 3553 Schmalz,
1077 3494 1118 3540 Α
1130 3494 1244 3541 ηιίὂ.
1275 3510 1324 3556 p.
1355 3494 1469 3541 137.
1488 3492 1731 3540 ——After
1756 3492 1905 3553 diem,
1938 3508 1969 3540 a
2002 3493 2303 3557 participial
2340 3494 2478 3542 form

484 3578 540 3625 of
573 3592 700 3637 esse,
726 3594 783 3625 or
809 3594 839 3625 a
869 3578 1206 3626 subordinate
1246 3593 1362 3625 cum
1400 3576 1589 3637 clause,
1617 3592 1739 3640 may
1764 3574 1828 3623 be
1861 3575 2106 3639 supplied
2142 3575 2198 3623 in
2233 3576 2474 3639 thought.
