2716 3964
1211 287 1258 328 c.
1293 287 1359 327 24.
2169 269 2276 323 255

285 432 530 498 unjustly
556 432 797 497 objected
834 431 1079 492 to,-John
1107 431 1257 495 aptly
1284 445 1550 494 compares
1579 429 1683 479 Cic.
1713 429 1775 476 de
1803 427 1888 475 fin.
1918 429 1945 475 I
1973 428 2054 487 20,
2083 429 2148 476 69
2174 427 2279 491 ipsi

287 515 441 565 amici
479 520 694 579 propter
721 531 775 562 se
813 514 954 578 ipsos
982 518 1237 562 amentur.
1316 514 1410 561 See
1449 513 1561 560 also
1598 511 1798 559 Peter's
1837 515 1959 558 note
1993 511 2060 558 ad
2096 510 2189 557 loc.
2211 541 2281 546 —

287 614 381 662 per
410 598 838 663 quae=quibus
914 597 1024 645 The
1051 612 1143 644 use
1178 597 1235 644 of
1273 596 1422 660 ‘per’
1462 595 1591 643 with
1629 594 1719 642 the
1758 609 1858 642 acc.
1889 593 1946 641 of
1980 593 2070 641 the
2108 593 2278 655 thing,

287 681 343 728 in
369 681 516 744 place
543 681 600 729 of
623 681 714 729 the
741 679 890 728 usual
918 679 1289 727 instrumenta]
1317 678 1560 739 ablative,
1582 677 1765 740 begins
1791 681 1846 724 to
1873 676 1935 724 be
1961 692 2198 725 common
2225 676 2280 723 in

288 764 425 828 Livy
452 765 554 812 and
581 764 626 812 is
653 764 736 811 far
762 778 902 811 more
930 762 1178 825 frequent
1216 762 1272 809 111
1298 761 1512 810 Tacitus
1550 761 1678 808 than
1707 759 1876 822 might
1914 775 2107 822 appear
2145 759 2280 806 from

289 847 378 895 Dr.
411 846 515 895 Stil
550 863 598 910 p.
634 847 714 895 39.
743 847 824 894 43.
903 846 997 894 866
1024 845 1114 893 the
1152 845 1277 907 long
1313 845 1407 892 list
1444 844 1501 891 of
1537 860 1652 891 exx.
1682 842 1736 890 in
1765 844 1888 890 Lex.
1919 844 2037 889 Tac.
2075 857 2113 890 s.
2144 858 2189 888 v.
2229 858 2278 904 p.

289 930 613 978 1093-1095.
690 930 754 976 In
779 929 870 976 the
898 928 1033 976 Dial.
1063 927 1217 990 again
1245 944 1285 976 c.
1314 929 1380 976 33
1406 935 1460 974 20
1497 927 1616 987 and,
1649 925 1857 989 exactly
1884 925 2100 985 similar,
2142 924 2277 972 Ann.

287 1013 316 1060 I
348 1013 413 1062 65
454 1013 510 1060 II
538 1013 602 1061 72
642 1013 773 1061 XVI
800 1012 868 1059 24
894 1028 986 1074 per
1012 1027 1144 1074 quae
1173 1011 1309 1058 Ann.
1340 1011 1366 1058 I
1393 1011 1474 1058 28.
1504 1010 1569 1058 60
1609 1010 1686 1058 IV
1713 1009 1776 1057 18
1816 1024 1909 1071 per
1934 1008 2061 1056 haec
2088 1008 2190 1055 and
2226 1023 2281 1055 so

288 1094 592 1158 repeatedly
619 1094 675 1141 in
701 1093 1010 1150 Quintilian.
1089 1093 1182 1141 866
1209 1092 1479 1140 Bonnell’s
1509 1091 1753 1139 Lexicon.

357 1179 388 1226 6
415 1181 565 1227 tuum
595 1178 937 1241 promissum:
993 1176 1087 1224 866
1114 1192 1154 1224 6.
1185 1177 1249 1224 16
1276 1184 1300 1223 5
1333 1175 1751 1224 f.—inmutasse
1787 1174 1963 1223 debet:
2016 1172 2143 1220 This
2171 1187 2283 1235 pas-

287 1276 410 1323 sage
449 1260 493 1308 is
533 1259 871 1323 erroneously
897 1259 1037 1307 cited
1074 1259 1143 1322 by
1169 1258 1358 1306 earlier
1396 1257 1592 1305 editors
1632 1257 1735 1304 and
1773 1255 2080 1304 Weinkauff
2103 1272 2151 1318 p.
2183 1255 2281 1303 115

287 1359 345 1391 as
379 1359 447 1391 an
486 1343 725 1391 instance
765 1343 822 1391 of
859 1343 950 1390 the
984 1341 1171 1404 logical
1207 1341 1411 1405 perfect
1451 1344 1536 1407 (on
1575 1339 1748 1387 which
1786 1354 1870 1386 see
1908 1343 2030 1386 note
2068 1354 2108 1385 6.
2139 1338 2283 1386 1510

289 1426 355 1475 18
384 1427 476 1491 13),
504 1426 588 1474 for
613 1426 703 1474 the
731 1425 907 1474 action
933 1425 1151 1488 implied
1179 1424 1233 1472 in
1263 1424 1580 1471 ‘inmutasse
1598 1423 1610 1447 ²
1640 1422 1683 1470 is
1711 1421 2019 1485 completed.

359 1511 390 1558 9
429 1524 493 1559 ne
523 1510 637 1573 ipse
667 1510 878 1573 quidem
909 1509 988 1558 ita
1019 1509 1181 1557 sentit
1211 1512 1305 1555 etc.
1383 1507 1461 1556 Cf.
1493 1506 1595 1555 Cic.
1626 1506 1689 1553 de
1715 1509 1842 1553 orat.
1873 1505 1899 1551 I
1927 1505 2007 1564 18,
2036 1505 2101 1552 84
2129 1504 2284 1553 Char-

289 1593 468 1640 madas
510 1608 633 1640 vero
671 1592 837 1640 multo
881 1591 1092 1639 uberius
1132 1590 1327 1638 eisdem
1370 1590 1432 1637 de
1478 1589 1630 1636 rebus
1667 1587 1994 1650 loquebatur,
2036 1603 2138 1634 non
2181 1603 2283 1649 quo

288 1675 519 1738 aperiret
557 1674 877 1723 sententiam
916 1690 1098 1735 suam;
1138 1673 1224 1722 hic
1262 1673 1399 1721 enim
1441 1688 1550 1720 mos
1590 1675 1701 1719 erat
1738 1670 1940 1733 patrius
1969 1669 2283 1718 Academiae

290 1757 558 1807 adversari
586 1773 791 1821 semper
817 1757 1058 1805 omnibus
1086 1756 1139 1803 in
1166 1756 1485 1820 disputando
1511 1756 1592 1823 62,
1615 1755 1716 1802 263
1744 1754 1884 1801 haud
1909 1753 2016 1801 scio
2037 1768 2101 1801 an
2129 1753 2284 1801 aliter

290 1841 487 1890 sentias
515 1845 567 1889 et
604 1845 752 1889 utare
790 1845 884 1888 tua
920 1840 1015 1888 illa
1052 1839 1284 1895 mirifica,
1298 1839 1364 1887 ad
1401 1838 1750 1886 refellendum
1788 1836 2200 1885 consuetudine.
2231 1873 2240 1883 .
2271 1872 2282 1883 .

289 1923 438 1973 cuius
466 1923 678 1987 quidem
705 1923 872 1988 ipsius
900 1922 1172 1971 facultatis
1200 1921 1507 1971 exercitatio
1535 1926 1798 1969 oratorum
1832 1919 2045 1982 propria
2069 1922 2164 1978 est,
2194 1918 2286 1966 sed

291 2006 395 2055 iam
423 2007 478 2054 in
504 2007 937 2070 philosophorum
964 2005 1343 2054 consuetudine
1365 2008 1605 2053 versatur
1631 2002 1962 2065 maximeque
1989 2017 2165 2049 eorum
2193 2000 2286 2064 qui

291 2090 355 2138 de
405 2089 547 2138 omni
598 2105 653 2138 re
701 2089 974 2153 proposita
1022 2089 1076 2136 in
1126 2093 1402 2151 utramque
1451 2091 1656 2151 partem
1706 2085 1877 2134 solent
1926 2084 2285 2147 copiosissime

292 2172 463 2221 dicere
492 2173 596 2221 and
621 2177 769 2221 notes
797 2187 836 2220 6.
867 2173 932 2220 15
962 2180 1012 2219 10
1039 2172 1103 2220 16
1131 2180 1194 2219 10.

362 2255 427 2304 10
466 2270 606 2305 more
635 2259 811 2306 vetere
841 2259 893 2305 et
923 2270 955 2305 a
983 2255 1248 2305 veteribus
1279 2249 1633 2318 philosophis:
1686 2252 1797 2300 The
1823 2250 2066 2315 practice,
2093 2250 2287 2298 known

291 2354 348 2387 as
375 2343 436 2390 εἷς
458 2341 653 2404 ἑκάτερα
690 2340 994 2404 ἐπιχείρησις,
1022 2338 1076 2385 111
1114 2342 1390 2400 utramque
1427 2340 1630 2399 partem
1668 2333 1973 2398 disputatio,
2002 2333 2045 2381 is
2076 2333 2286 2396 usually

293 2422 543 2484 regarded
570 2437 626 2470 as
665 2437 696 2470 a
721 2421 953 2484 peculiar
979 2421 1183 2469 feature
1210 2421 1267 2468 of
1302 2420 1392 2468 the
1426 2420 1557 2467 New
1586 2418 1865 2481 Academy.
1942 2417 2051 2480 Cp„
2078 2416 2285 2464 besides

291 2505 382 2552 the
404 2520 622 2568 passage
643 2505 783 2553 cited
803 2504 859 2551 in
880 2504 1124 2568 previous
1151 2508 1289 2563 note,
1311 2519 1352 2551 c.
1381 2503 1444 2551 31
1467 2509 1520 2549 28
1547 2502 1746 2549 dabunt
1767 2499 2067 2548 Academici
2094 2515 2287 2562 pugna-

292 2587 507 2636 citatem
547 2587 650 2637 Cic.
693 2588 756 2636 de
794 2587 881 2635 fin.
923 2587 980 2634 Π
1020 2587 1101 2647 13,
1140 2587 1206 2634 42
1245 2601 1376 2649 quae
1407 2588 1628 2648 possunt
1665 2584 1846 2632 eadem
1883 2587 2066 2631 contra
2102 2583 2288 2631 Carne-

293 2670 481 2718 adeum
521 2670 656 2719 illud
697 2686 955 2719 summum
998 2669 1329 2718 bonumdici
1358 2668 1497 2731 quod
1540 2668 1584 2714 is
1625 2683 1730 2714 non
1766 2670 1890 2726 tam,
1929 2670 1988 2713 ut
2026 2666 2284 2728 probaret,

294 2753 517 2816 protulit
555 2770 711 2817 quam
747 2758 807 2802 ut
847 2753 1037 2802 Stoicis
1066 2791 1075 2801 .
1107 2791 1116 2800 .
1147 2791 1156 2800 .
1187 2755 1514 2816 oppugnaret
1552 2751 1615 2798 de
1654 2754 1781 2797 orat.
1817 2749 1859 2818 Ι,
1883 2749 1964 2809 10,
1992 2749 2059 2797 43
2095 2748 2288 2796 Acade-

295 2835 414 2897 mia,
458 2852 604 2899 quae,
648 2836 908 2900 quidquid
952 2835 1192 2895 dixisses,
1235 2835 1290 2882 id
1331 2839 1383 2882 te
1422 2833 1596 2897 ipsum
1636 2847 1827 2895 negare
1877 2836 2082 2894 cogeret
2134 2833 2283 2879 Tusc.

296 2919 444 2982 Disp.
474 2920 532 2966 Π
558 2921 606 2980 3,
634 2921 664 2968 9
703 2918 834 2966 mihi
872 2935 1077 2982 semper
1114 2917 1587 2981 Peripateticarum
1625 2915 2040 2978 Academiaeque
2079 2930 2288 2962 consue-

294 3002 422 3050 tudo
449 3002 512 3050 de
538 3001 779 3050 omnibus
816 3001 968 3050 rebus
1008 3001 1064 3048 in
1101 2999 1388 3049 contrarias
1427 3002 1602 3062 partes
1647 2997 1939 3046 disserendi
1968 3035 1978 3045 .
2009 3037 2018 3046 .
2049 3035 2058 3044 .
2089 2996 2288 3060 placuit

297 3083 472 3141 Quint.
515 3085 631 3132 XII
674 3085 723 3146 2,
768 3085 835 3133 25
879 3083 1217 3132 Academiam
1258 3082 1471 3145 quidam
1510 3080 1849 3129 utilissimam
1890 3080 2108 3127 credunt
2149 3079 2288 3142 quod

297 3182 407 3215 mos
446 3166 502 3214 in
537 3171 814 3230 utramque
852 3171 1055 3231 partem
1094 3165 1399 3229 disputandi
1438 3165 1502 3212 ad
1542 3163 1969 3212 exercitationem
1999 3161 2288 3210 forensium

298 3264 569 3298 causarum
611 3250 847 3313 proxime
890 3251 1115 3299 accedat.
1192 3249 1331 3296 Plut.
1372 3248 1434 3295 de
1479 3247 1577 3294 fac.
1622 3246 1728 3294 lun.
1773 3247 1873 3295 923
1912 3246 1972 3293 Α.
2052 3245 2144 3293 866
2177 3244 2287 3292 6136

299 3331 451 3393 Reid,
496 3332 600 3383 Cic.
647 3333 807 3381 Acad.
850 3334 934 3380 Pr.
982 3333 1029 3392 2,
1070 3335 1265 3380 7.-6έ
1305 3331 1550 3378 veteribus
1581 3329 1899 3392 philosophis
1938 3328 1982 3376 is
2023 3327 2190 3375 added
2232 3330 2287 3373 to

301 3420 470 3462 ‘more
495 3415 701 3463 vetere'
730 3416 812 3463 for
836 3415 927 3463 the
955 3415 1079 3463 sake
1108 3414 1164 3462 of
1188 3429 1372 3461 nearer
1397 3412 1686 3472 definition,
1715 3411 1783 3460 cf.
1813 3416 1934 3459 note
1962 3427 2001 3458 6.
2031 3413 2061 3459 9
2095 3419 2131 3457 1.

467 3525 734 3575 Nipperdey,
762 3525 840 3565 Rh.
868 3526 983 3566 Mus.
1011 3526 1118 3564 XIX
1143 3525 1223 3564 570
1245 3524 1274 3563 f.
1301 3524 1380 3563 has
1403 3523 1446 3562 in
1469 3534 1544 3573 my
1565 3522 1798 3573 judgment
1820 3520 2083 3570 irrefutably
2105 3520 2288 3558 demon-

412 3593 579 3632 strated
599 3594 674 3632 the
702 3593 1001 3643 untenability
1022 3593 1069 3632 of
1099 3593 1206 3632 both
1232 3592 1435 3631 ‘vestris'
1461 3590 1548 3631 and
1575 3595 1584 3613 ⁶
1600 3591 1792 3631 nostriS.'
1853 3589 1975 3630 John
2005 3588 2060 3628 ad
2091 3588 2171 3627 loc.
2198 3587 2288 3627 and
