2716 3964
452 249 560 300 332
1349 259 1553 301 NOTES.

521 407 588 455 14
625 409 896 471 tamquam
925 406 1086 470 plane
1115 405 1367 457 leviores:
1420 405 1499 455 Of.
1529 403 1706 463 Quint.
1734 406 1794 454 ΙΙ
1821 405 1867 468 1,
1891 406 1924 454 2
1951 406 2017 456 ad
2041 415 2445 472 prosopopoeias

449 506 615 553 usque
654 494 707 538 et
745 490 811 538 ad
849 488 1126 550 suasorias,
1163 488 1221 536 in
1258 488 1448 551 quibus
1488 504 1618 537 onus
1656 488 1865 538 dicendi
1902 489 1987 538 vel
2023 490 2311 539 maximum
2348 497 2444 554 est,

451 574 760 637 inrumpunt
787 611 797 620 .
829 610 838 621 .
869 610 879 620 .
908 571 1032 620 hinc
1059 588 1181 635 ergo
1207 571 1402 620 accidit
1427 576 1501 633 ut,
1531 589 1663 636 quae
1699 573 1916 622 alterius
1944 573 2074 622 artis
2101 574 2272 637 prima
2297 580 2448 624 erant

450 674 623 721 opera,
653 657 797 705 facta
834 656 942 704 sint
979 656 1198 704 alterius
1237 655 1539 718 novissima,
1565 661 1620 723 et
1658 661 1802 706 aetas
1839 657 1945 706 iam
1983 657 2257 707 altioribus
2297 659 2450 708 disci-

450 741 613 806 plinis
642 740 821 788 debita
845 739 902 787 in
928 739 1106 788 schola
1130 739 1332 787 minore
1364 726 1982 803 subsidat—tamquam
2019 740 2318 790 introduces
2355 741 2447 791 the

451 824 667 888 opinion
693 823 751 871 of
779 823 871 871 the
897 822 1258 870 rhetoricians.
1336 822 1426 884 Cp.
1455 825 1578 870 note
1605 838 1646 871 c.
1675 823 1706 870 2
1737 831 1776 870 2.
1793 822 1959 871 —On
1973 824 2136 885 plane
2159 823 2292 872 with
2315 839 2449 873 com-

450 907 704 971 parative,
733 921 819 954 see
844 910 967 953 note
994 921 1034 953 c.
1062 905 1130 953 27
1161 912 1200 952 4.

521 991 586 1038 15
625 989 1036 1040 robustioribus:
1077 987 1248 1036 ‘more
1291 988 1529 1049 mature,'
1568 989 1802 1052 opposed
1839 993 1895 1037 to
1934 988 2144 1052 ‘pueri'
2219 990 2320 1038 For
2355 990 2447 1039 the

451 1090 592 1122 same
619 1072 897 1135 figurative
925 1087 1076 1120 sense
1103 1071 1160 1120 of
1188 1071 1279 1120 the
1306 1072 1464 1133 word,
1494 1071 1560 1120 cf.
1593 1072 1653 1121 G.
1683 1072 1751 1120 13
1788 1087 1978 1134 magna
2014 1076 2224 1135 patrum
2260 1073 2450 1122 merita

450 1156 708 1221 principis
736 1154 1097 1218 dignationem
1123 1154 1283 1203 etiam
1309 1155 1702 1202 adulescentulis
1728 1155 2032 1217 adsiqnant:
2059 1156 2220 1203 ceteri
2245 1156 2451 1204 robusti-

451 1241 615 1287 oribus
651 1255 710 1287 ac
747 1238 852 1286 iam
889 1237 1095 1301 pridem
1138 1237 1374 1301 probatis
1413 1238 1766 1300 adgregantur
1815 1238 1919 1285 and
1956 1253 2012 1286 so
2050 1237 2357 1303 frequently
2392 1238 2451 1286 in

452 1322 629 1379 Quint.
659 1338 700 1370 e.
724 1338 769 1385 g.
800 1322 828 1369 I
855 1321 901 1382 1,
929 1322 959 1369 8
999 1320 1176 1385 priora
1212 1320 1308 1368 illa
1344 1321 1411 1368 ad
1447 1336 1638 1383 pueros
1682 1320 1864 1382 magis,
1904 1321 2032 1369 haec
2073 1321 2348 1384 sequentia
2383 1322 2451 1370 ad

451 1405 770 1454 robustiores
797 1404 1140 1468 pertinebunt
1194 1404 1247 1451 X
1273 1403 1320 1463 5,
1349 1403 1379 1451 1
1418 1419 1698 1466 puerorum
1726 1441 1735 1451 .
1765 1441 1775 1451 .
1807 1441 1816 1451 .
1845 1403 2229 1452 robustioribus
2257 1403 2449 1453 studiis

455 1489 544 1557 (cf.
573 1487 815 1548 Bonnell,
844 1488 970 1534 Lex.
1001 1486 1178 1544 Quint.
1209 1502 1246 1534 s.
1271 1485 1361 1551 v.).

521 1573 586 1621 16
626 1586 720 1635 per
749 1571 903 1620 fidem
932 1570 1159 1618 without
1197 1585 1338 1618 some
1376 1569 1714 1632 intervening
1743 1571 1914 1618 words
1953 1570 2062 1618 like
2096 1571 2266 1632 deum,
2295 1571 2450 1619 deum

451 1660 610 1718 atque
635 1654 923 1715 hominum,
952 1653 997 1701 is
1035 1669 1164 1717 very
1201 1653 1377 1717 rarely
1414 1657 1522 1701 met
1558 1653 1706 1701 with.
1783 1653 1862 1702 Of.
1893 1669 1934 1703 e.
1959 1670 2004 1716 g.
2033 1654 2244 1702 Petron.
2273 1654 2390 1714 100,
2417 1654 2449 1702 5

450 1755 544 1802 per
569 1738 742 1798 fidem,
769 1737 1000 1801 inquam,
1028 1741 1194 1800 pater,
1223 1736 1372 1785 cuius
1398 1737 1526 1784 haec
1552 1736 1703 1784 navis
1730 1741 1810 1784 est
1829 1738 1853 1784 ἱ)
1903 1736 2060 1799 Apul.
2085 1738 2211 1784 Met.
2236 1738 2267 1786 6
2294 1752 2450 1800 quam

450 1822 658 1882 vellem,
686 1820 877 1884 inquit,
906 1836 999 1884 per
1024 1819 1181 1868 fidem
1207 1824 1397 1867 nutum
1428 1835 1601 1867 meum
1637 1819 1879 1882 precibus
1918 1818 2025 1867 tuis
2064 1820 2450 1869 accommodare

444 1906 556 1953 and
592 1905 820 1968 perhaps
858 1904 1031 1951 Plaut.
1061 1903 1298 1966 Amphit.
1328 1903 1356 1950 I
1384 1903 1430 1963 1,
1457 1903 1558 1950 220
1597 1919 1692 1966 pro
1729 1919 1786 1950 or
1823 1919 1916 1965 per
1950 1902 2074 1971 (pf.)
2108 1902 2278 1951 fidem.
2356 1903 2450 1952 See

451 1989 562 2037 also
588 1989 744 2050 Verg.
773 1987 905 2035 Aen.
935 1988 994 2034 Π
1026 1987 1126 2034 142
1164 2003 1258 2050 per
1296 1986 1341 2034 si
1381 2002 1484 2049 qua
1521 1990 1601 2034 est
1629 2025 1639 2035 .
1669 2024 1678 2034 .
1709 1985 1891 2034 .'fides.
1968 1986 2078 2034 The
2116 1986 2240 2035 oath
2276 2002 2384 2035 was
2421 2002 2454 2035 a

452 2087 582 2136 very
608 2070 820 2119 ancient
858 2086 956 2118 one
994 2070 1098 2118 and
1135 2069 1249 2117 still
1287 2085 1525 2118 common
1559 2069 1615 2116 in
1648 2069 1946 2117 Plutarch⁷s
1975 2069 2090 2133 day.
2167 2069 2246 2118 Cf.
2275 2070 2453 2118 Numa

452 2155 518 2203 16
557 2157 644 2218 τὴν
680 2154 860 2203 Πίστιν
896 2154 1039 2217 ὅρκον
1075 2152 1309 2209 ἀποδεῖξαι
1333 2151 1579 2215 Ῥωμαίοις
1617 2153 1848 2217 μέγιστον
1872 2151 1904 2217 ᾗ
1930 2153 2161 2217 χρώμενοι
2198 2153 2337 2218 μέχρι
2374 2156 2455 2203 νῦν

453 2238 766 2286 διατελοῦσιν.

523 2321 589 2369 17
629 2319 1207 2383 οοηιροεὶῐαθὲεῇοὺειθ.
1287 2319 1381 2367 See
1419 2323 1541 2366 note
1580 2334 1620 2366 c.
1659 2319 1723 2366 12
1757 2319 2164 2382 19.-sequitur
2193 2322 2278 2369 ut:
2319 2317 2454 2367 ‘and

453 2403 822 2463 furthermore,
852 2401 909 2449 in
946 2402 1189 2450 addition
1213 2401 1302 2462 to,'
1330 2401 1363 2449 i.
1387 2417 1429 2449 e.
1459 2417 1515 2449 as
1542 2400 1588 2448 if
1611 2401 1761 2449 these
1788 2400 2046 2449 exercises
2072 2416 2208 2449 were
2233 2404 2327 2449 not
2350 2400 2454 2449 bad

454 2486 660 2548 enough
687 2485 744 2532 in
768 2485 1104 2546 themselves,
1132 2485 1262 2548 they
1288 2500 1376 2532 are
1413 2484 1672 2532 rendered
1709 2483 1822 2531 still
1860 2499 2002 2531 more
2040 2483 2352 2532 intolerable
2382 2483 2453 2547 by

455 2569 744 2618 bombastic
785 2568 1036 2631 delivery.
1115 2568 1196 2617 On
1238 2567 1347 2615 this
1390 2583 1483 2615 use
1510 2567 1567 2615 of
1609 2566 1877 2630 ‘sequitur
1917 2567 2007 2614 ut'
2053 2566 2110 2614 in
2151 2566 2451 2627 transition,

455 2653 519 2702 cf.
562 2669 603 2701 e.
633 2669 677 2715 g.
721 2652 824 2701 Cic.
856 2651 999 2700 Orat.
1028 2652 1112 2712 23,
1141 2652 1207 2700 75
1253 2650 1493 2714 sequitur
1535 2654 1596 2698 ut
1640 2650 1892 2713 cuiusque
1931 2650 2135 2712 generis
2173 2654 2299 2699 nota
2335 2687 2345 2698 .
2387 2687 2397 2698 .
2439 2687 2450 2698 .

455 2740 737 2799 quaeratur
787 2735 850 2782 de
878 2734 963 2783 off.
994 2734 1022 2782 I
1047 2734 1131 2796 27,
1159 2735 1225 2783 93
1276 2734 1339 2782 de
1365 2737 1472 2782 nat.
1501 2734 1639 2781 deor.
1669 2733 1728 2780 II
1754 2734 1836 2794 32,
1865 2734 1930 2781 80
1982 2732 2156 2790 Quint.
2186 2733 2265 2782 IV
2289 2733 2375 2780 Pr.
2395 2734 2450 2798 6.

446 2818 789 2866 —materiae
830 2818 1138 2867 abhorrenti
1179 2821 1299 2864 etc.:
1365 2817 1444 2865 Cf.
1485 2833 1524 2865 c.
1567 2817 1631 2865 31
1663 2824 1689 2863 3
1732 2817 1869 2866 fictis
1914 2833 2009 2866 nec
2046 2817 2156 2865 ullo
2194 2818 2347 2866 modo
2385 2818 2455 2868 ad

452 2900 733 2949 veritatem
771 2899 1142 2948 accedentibus
1182 2898 1554 2947 controversiis
1617 2898 1793 2956 Quint.
1827 2899 1886 2946 II
1925 2900 2007 2960 10,
2034 2901 2066 2948 3
2104 2899 2213 2948 sint
2246 2916 2367 2963 ergo
2398 2904 2452 2948 et

453 2984 598 3047 ipsae
639 2983 891 3031 materiae
935 2999 1067 3046 quae
1108 2982 1387 3045 fingentur,
1430 2998 1587 3046 quam
1627 2981 1900 3030 simillima
1936 2982 2153 3031 veritati
2193 2987 2245 3031 et
2285 2983 2454 3032 decla-

453 3067 616 3115 matio
643 3104 653 3115 .
684 3104 694 3114 .
725 3105 733 3113 .
766 3066 1004 3114 imitetur
1031 3082 1116 3114 eas
1153 3066 1384 3114 actiones
1424 3065 1479 3112 in
1517 3081 1738 3128 quarum
1775 3065 2207 3114 exercitationem
2244 3070 2454 3129 reperta

453 3154 534 3198 est
590 3150 655 3197 12
695 3165 854 3212 quare
894 3149 1221 3210 declamatio,
1255 3148 1501 3212 quoniam
1541 3152 1620 3195 est
1658 3147 1971 3195 iudiciorum
2009 3148 2450 3212 consiliorumque

454 3233 641 3295 imago,
683 3231 872 3280 similis
914 3248 1026 3280 esse
1066 3232 1220 3279 debet
1258 3231 1475 3279 veritati
1535 3232 1587 3279 X
1621 3231 1668 3290 2,
1698 3231 1760 3278 11
1790 3230 1826 3278 f.
1869 3231 1933 3278 iis
1977 3235 2066 3300 (sc.
2099 3230 2446 3296 orationibus)

455 3332 587 3378 quae
627 3315 682 3362 in
721 3314 1018 3377 exemplum
1059 3314 1381 3362 adsumimus
1425 3314 1603 3362 subest
1640 3317 1829 3361 natura
1866 3318 1918 3361 et
1955 3330 2079 3362 vera
2114 3314 2225 3375 vis;
2271 3318 2452 3362 contra

455 3399 624 3446 omnis
653 3397 881 3444 imitatio
912 3397 1054 3445 facta
1080 3402 1160 3445 est
1188 3437 1197 3446 .
1229 3436 1237 3444 .
1269 3435 1277 3444 .
1309 3413 1410 3459 quo
1437 3396 1512 3457 fit,
1544 3401 1600 3444 ut
1638 3396 1810 3443 minus
1851 3396 2121 3458 sanguinis
2161 3413 2219 3445 ac
2258 3396 2451 3444 virium

457 3481 863 3530 declamationes
903 3480 1131 3528 habeant
1170 3496 1325 3543 quam
1366 3479 1636 3539 orationis,
1677 3479 1816 3541 quod
1854 3479 1909 3525 in
1948 3478 2056 3527 illis
2094 3495 2232 3539 vera,
2273 3479 2329 3526 in
2365 3478 2448 3527 his

457 3564 759 3613 adsimilata
795 3563 1016 3611 materia
1054 3567 1134 3610 est
1196 3564 1242 3622 5,
1273 3563 1337 3609 14
1369 3562 1777 3610 declamationes
1806 3578 1928 3609 vero
1955 3600 1964 3609 .
1996 3601 2004 3611 .
2035 3600 2045 3610 .
2075 3562 2120 3609 si
2147 3563 2299 3610 modo
2325 3566 2451 3610 sunt

458 3648 525 3696 ad
567 3647 845 3695 veritatem
896 3646 1319 3693 adcommodatae
1365 3650 1417 3693 et
1461 3644 1783 3692 orationibus
1832 3644 2048 3704 simileS,
2094 3661 2199 3692 non
2241 3648 2446 3694 tantum
