2716 3964
1233 251 1280 291 C.
1315 251 1381 292 31.
2192 236 2299 288 303

314 395 535 444 dicendo
560 395 781 443 Platone
799 396 825 443 ἶ)
897 395 1078 443 Iovem
1104 394 1194 455 sic,
1223 395 1373 443 aiunt
1398 393 1717 458 philosophi,
1746 392 1792 442 si
1819 394 2014 442 Graece
2041 393 2301 456 loquatur,

314 478 460 541 loqui
502 477 828 547 (=Dionys.
869 478 947 525 De
986 478 1132 525 Dem.
1173 478 1239 526 23
1300 478 1440 525 Plut.
1483 477 1587 526 Cic.
1628 476 1717 540 24)
1760 476 1901 524 Orat.
1939 477 2019 536 19,
2048 476 2112 524 62
2150 475 2304 538 longe

315 561 562 622 omnium,
592 561 904 624 quicumque
931 561 1255 624 scripserunt
1281 565 1371 609 aut
1394 559 1559 609 locuti
1586 565 1709 609 sunt
1734 559 1942 608 exstitit
1968 564 2020 607 et
2047 559 2304 622 gravitate

315 647 369 692 et
395 644 655 692 suavitate
682 644 926 708 princeps
979 645 1100 692 Tus.
1124 644 1271 707 Disp.
1296 645 1324 691 I
1349 645 1431 705 32,
1459 646 1525 694 79
1583 643 1754 700 Quint.
1779 644 1831 691 X
1849 644 1894 703 1,
1917 643 1981 691 81
2009 643 2135 700 Quis
2163 643 2307 691 dubi-

314 731 394 775 tet
418 727 693 775 Platonem
719 743 832 776 esse
870 727 1210 790 praecipuum
1248 765 1257 775 .
1289 765 1299 774 .
1329 765 1338 774 .
1379 727 1659 790 eloquendi
1698 726 1951 774 facultate
1982 725 2162 773 divina
2188 742 2308 789 qua-

317 810 436 858 dam
480 814 533 858 et
576 809 904 858 Homerica?
954 810 1181 857 multum
1230 810 1370 857 enim
1420 825 1578 873 supra
1626 825 1835 872 prosam
1885 808 2173 856 orationem

316 892 500 955 surgit,
527 897 588 940 ut
612 892 744 940 mihi
769 909 875 940 non
899 892 1128 940 hominis
1157 892 1367 955 ingenio
1399 893 1490 940 sed
1529 892 1754 955 quodam
1792 891 2038 954 Delphici
2064 891 2307 939 videatur

317 975 526 1024 oraculo
553 975 638 1023 dei
663 975 947 1023 instinctus
1009 975 1145 1023 Plin.
1175 976 1270 1038 Ep.
1300 975 1327 1022 Ι
1355 976 1435 1035 10,
1463 975 1494 1023 5
1532 975 1862 1023 Platonicam
1896 974 2043 1022 illam
2076 974 2308 1022 sublimi-

315 1062 496 1107 tatem.
570 1058 787 1122 Dionys.
815 1058 850 1106 1.
873 1074 913 1106 C.
943 1062 1064 1110 τινὲς
1096 1057 1279 1114 ἀξιοῦσι
1311 1059 1496 1107 πάντων
1530 1060 1672 1107 αὐτὸν
1708 1059 1981 1118 ἀποφαίνειν
2018 1056 2311 1119 φιλοσόφων

316 1163 370 1190 τε
394 1142 468 1189 καὶ
494 1140 709 1206 ῥητόρων
734 1144 1012 1205 ἑρμηνεῦσαι
1039 1143 1099 1189 τὰ
1122 1143 1376 1206 πράγματα
1413 1141 1776 1203 δαιμονιώτατον
1846 1141 1966 1204 Περὶ
1991 1139 2139 1203 ὕψους
2166 1141 2247 1200 13,
2276 1140 2304 1188 1

318 1226 344 1273 ὃ
370 1226 578 1274 Πλάτων
597 1263 607 1274 .
638 1260 649 1270 .
679 1261 690 1272 .
713 1227 911 1289 τοιούτῳ
935 1225 1024 1273 τινὶ
1052 1226 1247 1290 χεύματι
1275 1224 1488 1287 ἀψοφητὶ
1515 1224 1643 1287 ῥέων,
1668 1223 1800 1272 οὐδὲν
1823 1223 1969 1284 ἦττον
1992 1223 2304 1288 μεγεθύνεται.

315 1307 689 1369 —Xenophon
720 1307 1134 1356 iucunditatem:
1183 1306 1261 1355 Cf.
1304 1306 1406 1355 Cic.
1449 1305 1591 1354 Orat.
1633 1307 1679 1366 9,
1716 1306 1781 1354 32
1826 1305 1972 1353 cuius
2017 1321 2185 1353 sermo
2229 1309 2310 1353 est

319 1389 410 1437 ille
460 1389 671 1453 quidem
720 1390 874 1438 melle
925 1389 1128 1438 dulcior
1189 1390 1269 1450 19,
1299 1390 1364 1437 62
1408 1389 1473 1436 X.
1515 1404 1640 1436 voce
1686 1390 1866 1436 Musas
1911 1388 2062 1451 quasi
2106 1388 2307 1436 locutas

316 1473 499 1521 ferunt
545 1477 634 1541 (=
652 1473 826 1530 Quint.
859 1474 911 1521 X
945 1473 993 1533 1,
1029 1473 1118 1537 33)
1182 1473 1329 1519 Brut.
1365 1472 1447 1532 35,
1477 1472 1576 1520 132
1626 1471 1774 1518 molli
1824 1475 1876 1519 et
1924 1471 2310 1534 Xenophonteo

318 1572 504 1618 genere
531 1556 786 1604 sermonis
848 1557 910 1604 de
938 1560 1065 1604 orat.
1095 1556 1154 1603 Π
1181 1556 1263 1615 14,
1292 1555 1357 1603 58
1394 1554 1526 1602 with
1550 1554 1799 1602 Wilkins'
1826 1558 1962 1602 note.
2020 1554 2134 1604 Val.
2166 1555 2306 1602 Max.

318 1639 367 1688 V
391 1639 457 1687 10
496 1643 599 1687 ext.
654 1639 830 1696 Quint.
859 1640 911 1687 X
937 1639 984 1700 1,
1012 1639 1077 1687 82
1116 1638 1245 1702 quid
1282 1654 1376 1700 ego
1414 1653 1809 1685 commemorem
1846 1639 1911 1685 X.
1943 1637 2312 1685 iucunditatem

318 1722 467 1770 illam
493 1722 872 1771 inadfectatam
909 1722 1001 1770 sed
1035 1737 1191 1785 quam
1228 1721 1376 1769 nulla
1409 1720 1658 1790 consequi
1685 1720 1972 1768 adfectatio
1997 1720 2166 1784 possit
2189 1723 2214 1768 ⁶?
2252 1725 2310 1768 ut

319 1805 464 1869 ipsae
492 1821 783 1854 sermonem
808 1805 1024 1853 finxisse
1052 1804 1267 1854 Gratiae
1291 1804 1574 1861 videantur
1601 1842 1611 1851 .
1633 1842 1642 1851 .
1665 1842 1674 1851 .
1704 1803 1760 1850 in
1785 1803 1946 1851 labris
1973 1803 2085 1851 eius
2112 1804 2310 1852 sedisse

319 1889 582 1952 quandam
624 1888 976 1952 persuadendi
1025 1889 1176 1936 deam
1248 1887 1464 1951 Dionys.
1506 1888 1601 1950 Ep.
1642 1887 1708 1934 ad
1744 1888 1926 1949 Pomp.
1966 1887 1999 1934 4
2036 1887 2314 1951 συντίθησιν

317 1974 438 2020 αὐτὰ
465 1976 556 2040 (86.
586 1975 646 2021 τὰ
677 1971 952 2038 πράγματα)
982 1972 1126 2035 ἡδέως
1152 1973 1270 2020 πάνυ
1297 1972 1370 2019 καὶ
1397 1971 1740 2035 κεχαρισμένως
1790 1970 1853 2017 de
1881 1985 2045 2032 comp.
2075 1969 2214 2017 verb.
2246 1971 2310 2017 10

320 2055 463 2118 ἡδέως
487 2057 585 2118 μὲν,
615 2054 673 2107 ὦς
699 2057 762 2105 ἔνι
788 2057 1013 2118 μάλιστα,
1043 2057 1098 2103 οὗ
1134 2056 1228 2118 μὴν
1264 2057 1415 2105 καλῶς
1452 2075 1520 2118 γε,
1547 2052 1629 2115 ἐφ’
1658 2054 1774 2102 ὅσον
1806 2053 1894 2101 ἔδει
1955 2053 2127 2100 Laerb.
2157 2053 2307 2115 Diog.

317 2138 379 2185 Π
405 2139 470 2187 57
509 2142 720 2187 ἐκαλεῖτο
755 2138 802 2186 δὲ
840 2139 914 2186 καὶ
946 2137 1147 2201 Ἀττικὴ
1183 2141 1357 2185 Μοῦσα
1390 2138 1652 2202 γλυκύτητι
1686 2139 1770 2197 τῆς
1810 2136 2049 2199 ἑρμηνείας
2124 2135 2310 2183 Suidas

316 2236 356 2269 S.
386 2237 432 2269 V.
472 2220 671 2285 Ἀττικὴ
708 2222 910 2284 μέλιττα
947 2222 1287 2283 ἐπωνομάζετο.

386 2305 452 2352 29
491 2305 712 2367 Epicuri
733 2335 742 2344 ·
766 2336 775 2345 -
803 2335 812 2344 ·
841 2308 893 2354 et
923 2304 1241 2353 Metrodori:
1273 2302 1353 2351 On
1374 2302 1629 2364 Epicurus
1649 2301 1705 2348 of
1732 2301 1912 2349 Samos
1936 2301 2308 2369 (342s1-070),

316 2402 404 2435 see
444 2387 628 2448 Zeller,
674 2388 845 2436 Gesch.
886 2389 932 2435 d.
973 2387 1156 2449 qriech.
1197 2386 1393 2433 Philos.
1436 2385 1525 2431 ΠΙ
1565 2385 1611 2444 1,
1651 2385 1751 2432 363
1779 2383 1832 2430 ff.
1880 2384 1984 2431 and
2029 2384 2309 2445 Susemihl,

327 2470 498 2519 Gesch.
540 2472 628 2519 der
668 2471 851 2533 ymlech.
899 2470 1000 2517 Lu.
1047 2470 1104 2517 in
1153 2471 1242 2517 der
1279 2467 1756 2516 Alexandrinerzeit
1803 2467 1831 2514 I
1875 2483 1923 2529 p.
1969 2467 2154 2515 87-97.
2232 2467 2313 2516 On

317 2554 634 2601 Metrodorus
670 2553 727 2601 of
763 2554 1082 2616 Lampsacus
1114 2553 1236 2621 (330
1242 2551 1479 2618 s29-277
1507 2566 1552 2597 B.
1575 2549 1663 2613 c.),
1691 2549 1773 2597 his
1812 2549 2038 2597 favorite
2071 2550 2309 2614 disciple,

315 2636 423 2684 and
447 2635 618 2684 called
641 2636 712 2700 by
739 2636 843 2686 Cic.
872 2636 935 2684 de
961 2635 1047 2683 fin.
1078 2636 1136 2683 II
1164 2635 1246 2695 28,
1275 2635 1339 2683 92
1371 2649 1536 2697 paene
1563 2632 1697 2680 alter
1722 2631 1998 2695 Epicurus,
2027 2648 2111 2680 see
2142 2634 2313 2681 Zeller

317 2719 408 2767 III
435 2719 482 2780 1,
510 2719 610 2768 368
648 2723 770 2767 note
807 2720 854 2767 3.
894 2719 998 2767 and
1037 2717 1299 2766 Susemihl
1326 2717 1353 2764 I
1379 2733 1427 2779 p.
1458 2716 1676 2764 98-100.
1695 2715 2027 2764 —honestas
2058 2717 2312 2779 quasdam

318 2803 756 2852 exclamationes:
813 2802 922 2850 The
963 2801 1229 2850 reference
1270 2800 1314 2847 is
1358 2803 1413 2846 to
1456 2799 1546 2846 the
1591 2797 1745 2861 pithy
1783 2798 1948 2845 moral
1992 2798 2214 2847 maxims
2256 2800 2313 2847 of

317 2885 592 2949 Epicurus,
619 2884 790 2933 called
813 2886 1171 2949 προςφωνήσεις
1197 2899 1255 2931 01·
1281 2883 1704 2946 ἀνακραυγάσματα
1731 2882 1843 2944 ἱερά,
1872 2881 1929 2928 Of
1952 2881 2126 2928 Which
2152 2882 2311 2929 latter

317 2966 594 3017 ‘honestae
622 2967 1055 3016 exclamationes'
1083 2981 1250 3015 seems
1278 2969 1332 3012 to
1356 2964 1419 3012 be
1446 2980 1477 3011 a
1500 2962 1831 3011 translation.
1900 2963 1978 3013 Cf.
2003 2964 2106 3012 Cic.
2132 2965 2193 3012 de
2221 2964 2306 3011 fin.

316 3050 375 3098 II
403 3052 484 3112 16,
511 3052 576 3100 51
616 3051 810 3114 itaque,
850 3052 1127 3113 Torquate,
1173 3064 1288 3096 cum
1339 3047 1553 3105 diceres,
1600 3046 1823 3094 clamare
1870 3046 2156 3109 Epicurum
2205 3063 2311 3094 non

316 3149 469 3197 posse
512 3133 738 3182 iucunde
781 3132 908 3193 vivi,
947 3131 1053 3180 nisi
1091 3132 1310 3179 honeste
1348 3134 1400 3177 et
1439 3128 1704 3191 sapienter
1748 3133 1800 3176 et
1844 3128 1980 3176 iuste
2025 3129 2306 3177 viveretur.

317 3215 466 3280 They
490 3217 695 3265 formed
719 3220 840 3279 part
866 3216 923 3263 of
945 3215 1036 3263 the
1064 3217 1214 3278 κύριαι
1241 3211 1386 3272 δόξαι,
1409 3227 1476 3258 011
1501 3210 1676 3258 Which
1702 3226 1787 3258 see
1817 3211 2035 3271 Usener,
2058 3212 2311 3274 Epicurea

317 3314 366 3361 p.
395 3299 562 3347 71-81
605 3298 868 3347 Susemihl
905 3298 933 3345 I
971 3299 1037 3346 93
1075 3301 1197 3344 note
1230 3295 1331 3342 420
1371 3294 1474 3342 and
1499 3294 1557 3340 E.
1588 3293 1828 3352 Thomas,
1859 3294 1990 3341 Eine
2031 3293 2208 3341 Studia
2247 3311 2309 3341 zu

318 3381 414 3428 den
438 3381 830 3443 Epicureischen
859 3380 1116 3443 Spru'elcen
1142 3378 1198 3425 in
1223 3379 1438 3424 Hermes
1463 3376 1682 3424 XXVII
1708 3392 1756 3438 p.
1786 3376 1969 3423 22-35.

387 3464 452 3512 31
492 3479 658 3528 neque
690 3465 830 3513 enim
862 3464 1152 3526 sapientem
1183 3462 1528 3509 informamus
1565 3462 1676 3506 etc:
1719 3458 1771 3505 It
1797 3457 1841 3505 is
1868 3463 1960 3505 not
1987 3474 2074 3520 my
2100 3463 2308 3505 conten-

316 3544 448 3606 tion,
499 3562 619 3610 says
671 3545 937 3605 Messalla,
988 3545 1105 3592 that
1159 3543 1249 3590 the
1307 3546 1481 3589 orator
1531 3540 1720 3588 should
1768 3540 1830 3588 be
1879 3556 1909 3588 a
1956 3540 2307 3603 professional
