2716 3964
1232 269 1280 311 c.
1315 269 1382 310 39.
2178 255 2283 308 361
2325 333 2330 339 .

301 412 382 475 19,
411 413 476 462 70
514 428 579 462 ex
604 412 809 476 ingenti
834 414 1059 477 quodam
1085 418 1345 463 oratorem
1370 414 1726 478 immensoque
1753 429 1935 477 campo
1961 413 2018 461 in
2042 414 2289 476 exiguum

301 510 426 544 sane
451 512 637 559 gyrum
662 495 979 559 compellitis
1029 497 1111 557 31,
1140 497 1240 544 124
1273 501 1423 545 tanto
1447 501 1558 545 tam
1583 496 1939 560 immensoque
1966 512 2146 560 campo
2173 512 2290 544 cum

299 577 458 626 liceat
488 578 683 626 oratori
707 578 888 641 vagari
941 578 1102 627 Acad.
1131 579 1297 627 Prior.
1326 580 1409 640 35,-
1437 580 1537 626 112
1576 595 1789 643 campus
1815 579 1872 626 in
1898 595 1999 642 quo
2026 580 2289 627 exsultare

300 660 469 725 possit
494 661 676 723 oratio,
704 677 794 710 cur
820 677 935 710 eam
959 666 1136 709 tantas
1168 661 1224 709 in
1258 662 1526 724 angustias
1565 666 1618 710 et
1655 662 1712 709 in
1751 662 2043 710 Stoicorum
2081 663 2293 710 dumeta

301 744 663 807 compellimus
682 746 708 793 ?
744 744 918 793 where
949 744 1087 792 Reid
1112 744 1242 792 cites
1281 760 1559 792 numerous
1597 745 1950 793 illustrations
1977 745 2114 793 from
2141 746 2292 793 other

301 826 522 875 writers.

370 910 401 958 8
441 910 598 959 liberi
629 913 680 960 et
711 911 898 960 soluti:
951 910 1079 958 This
1118 910 1428 974 synonymic
1466 910 1777 958 collocation
1803 910 1848 958 is
1874 927 2003 974 very
2028 911 2287 974 frequent.

303 991 383 1041 Of.
423 1007 464 1040 e.
494 1009 538 1054 g.
581 992 684 1042 Cic.
712 993 860 1042 Verr.
902 993 962 1040 Π
998 993 1046 1053 2,
1076 994 1156 1053 78,
1186 993 1286 1041 192
1347 993 1486 1040 Phil.
1516 994 1565 1042 V
1590 994 1669 1052 15,
1698 994 1763 1041 41
1827 994 1889 1041 de
1927 1009 2034 1056 rep.
2066 994 2145 1043 IV
2176 995 2224 1055 4,
2260 996 2293 1041 4

303 1076 454 1124 Tusc.
482 1075 630 1139 Disp.
660 1076 688 1123 I
722 1076 804 1136 27,
833 1077 898 1124 66
957 1075 1079 1124 Sall.
1110 1076 1220 1125 Cat.
1251 1077 1297 1136 6,
1326 1076 1355 1123 1
1412 1076 1552 1123 Plin.
1581 1077 1676 1138 Ep.
1707 1077 1765 1123 II
1793 1077 1874 1136 11,
1902 1077 1935 1124 4
1984 1077 2124 1125 VIII
2152 1078 2233 1137 17,
2260 1078 2294 1124 4

302 1157 494 1220 Paneg.
517 1158 598 1206 80.
650 1159 760 1206 Not
785 1158 842 1205 in
868 1158 1166 1215 Quintilian
1191 1174 1248 1206 or
1275 1158 1559 1206 elsewhere
1586 1158 1642 1206 in
1662 1159 2296 1209 Tacitus—debilitatur

304 1255 365 1290 ac
394 1242 666 1305 frangitur
693 1241 725 1288 i.
750 1257 791 1289 e.
819 1241 936 1290 first
965 1241 1251 1289 weakened
1285 1242 1389 1290 and
1424 1242 1554 1289 then
1589 1241 1802 1290 broken.
1881 1242 1962 1291 On
1986 1242 2094 1290 this
2121 1258 2213 1291 use
2239 1243 2297 1290 of

303 1322 425 1384 ‘ac,'
465 1339 552 1371 see
589 1328 711 1372 note
749 1340 789 1373 c.
817 1325 910 1372 43.
999 1325 1108 1372 The
1154 1339 1295 1372 same
1337 1325 1492 1372 verbs
1536 1340 1622 1372 are
1666 1324 1814 1372 often
1857 1325 2143 1373 combined.
2229 1326 2296 1373 In

303 1406 486 1456 Cicero
523 1406 719 1470 always
758 1407 815 1454 in
851 1408 1048 1456 inverse
1082 1408 1234 1455 order
1265 1410 1354 1476 (on
1380 1407 1554 1455 which
1579 1423 1664 1455 see
1690 1412 1812 1455 note
1839 1423 1879 1456 c.
1909 1409 1941 1455 4
1963 1407 2027 1472 3).
2092 1409 2170 1458 Cf.
2200 1425 2295 1472 pro

302 1489 471 1538 Flacc.
499 1490 582 1550 26,
610 1490 675 1538 62
737 1491 799 1538 de
838 1494 966 1538 orat.
995 1491 1023 1538 I
1052 1493 1097 1551 7,
1126 1491 1206 1538 24.
1236 1491 1318 1550 26,
1349 1491 1446 1538 121
1509 1491 1576 1538 ad
1612 1491 1734 1538 fam.
1763 1491 1812 1540 V
1838 1491 1919 1551 13,
1946 1492 1978 1539 3
2028 1491 2164 1540 Plin.
2195 1492 2290 1555 Ep.

301 1573 444 1622 VIII
472 1573 552 1633 16,
580 1574 612 1621 3
651 1573 898 1621 debilitor
932 1578 985 1621 et
1015 1573 1243 1636 frangor.
1321 1573 1400 1622 Cf.
1430 1573 1541 1620 also
1569 1575 1684 1621 Tac.
1714 1572 1851 1621 Ann.
1881 1574 1972 1620 III
1999 1575 2064 1623 67
2103 1574 2296 1623 exerci-

302 1659 413 1704 tam
438 1671 645 1719 quoque
671 1656 1028 1720 eloquentiam
1053 1656 1311 1704 debilitat.

372 1740 404 1788 9
442 1740 613 1802 ipsam
644 1740 774 1803 quin
805 1740 994 1789 immo:
1036 1739 1118 1788 On
1142 1739 1233 1787 the
1260 1739 1594 1802 anastrophe,
1622 1739 1688 1787 cf.
1718 1743 1840 1787 note
1868 1755 1908 1788 c.
1938 1742 1968 1788 6
2002 1747 2295 1790 7.-curam

305 1825 356 1871 et
386 1822 664 1886 diligentis
696 1822 812 1871 stili
843 1823 1194 1872 anxietatem:
1234 1821 1265 1869 i.
1288 1838 1329 1869 e.
1358 1822 1448 1869 the
1476 1821 1629 1869 effort
1666 1821 1914 1870 involved
1950 1822 2007 1869 in
2043 1823 2133 1871 the
2161 1839 2295 1872 care-

303 1904 386 1952 ful
428 1904 662 1968 stylistic
704 1904 1030 1952 elaboration
1073 1904 1130 1952 of
1168 1920 1199 1952 a
1242 1904 1445 1966 speech.
1523 1903 1603 1952 On
1645 1904 1753 1952 this
1794 1905 2067 1968 post—Aug.
2107 1922 2199 1953 use
2238 1906 2295 1954 of

302 1986 610 2036 ‘anxietas'
651 1987 755 2035 and
792 1987 1045 2048 ‘anxius,'
1085 1987 1151 2035 cf.
1204 2003 1246 2035 e.
1268 2004 1312 2049 g.
1368 1987 1543 2043 Quint.
1574 1987 1713 2036 VIII
1762 2003 1986 2050 prooem.
2026 1989 2091 2037 29
2143 2005 2295 2051 quae-

302 2070 454 2118 rendi
478 2070 763 2132 iudicandi,
792 2070 1130 2133 comparandi
1155 2070 1412 2130 anxietas,
1441 2071 1565 2117 dum
1603 2069 1852 2118 discimus
1891 2071 2188 2119 adhibenda
2213 2078 2293 2120 est

305 2152 438 2202 Gell.
468 2153 496 2200 I
521 2154 569 2213 3,
598 2153 663 2201 12
701 2169 731 2201 a
765 2153 1130 2216 Theophrasto
1169 2152 1495 2216 pensiculate
1537 2156 1589 2200 et
1629 2152 1897 2200 enucleate
1937 2154 2128 2216 scripta
2171 2159 2294 2203 sunt

304 2273 314 2284 .
344 2274 354 2283 .
385 2274 395 2284 .
425 2236 519 2284 sed
544 2237 804 2284 anxietate
843 2235 940 2284 illa
965 2274 975 2284 .
1007 2273 1016 2284 .
1047 2273 1057 2283 .
1086 2235 1463 2298 disputationis
1505 2235 1877 2297 praetermissa
1916 2252 2078 2298 genus
2119 2237 2292 2300 ipsum

301 2318 378 2367 rei
402 2322 611 2367 tantum
626 2319 816 2382 paucis
840 2319 999 2366 verbis
1024 2317 1229 2366 notavit
1289 2319 1391 2367 XV
1417 2320 1462 2379 7,
1490 2319 1522 2366 3
1561 2333 1676 2365 cum
1713 2318 1906 2365 librum
1945 2318 2291 2382 epistularum

302 2401 428 2450 Divi
471 2400 701 2464 Augusti
735 2401 1027 2464 legeremus
1069 2402 1478 2464 duceremurque
1523 2400 1785 2462 elegantia
1827 2402 2078 2450 orationis
2121 2419 2290 2466 neque

301 2500 506 2533 morosa
548 2500 715 2548 neque
757 2484 1175 2544 anxia—Stili,
1219 2483 1230 2503 ‘
1249 2483 1630 2547 composition.9
1702 2483 1780 2532 Cf.
1811 2500 1851 2531 e.
1875 2501 1919 2546 g.
1951 2484 2126 2541 Quint.
2157 2486 2214 2532 II
2240 2488 2288 2547 4,

302 2567 368 2616 13
405 2567 687 2629 neglegens
716 2566 871 2615 stilus
932 2568 984 2615 X
1011 2567 1058 2627 1,
1085 2567 1132 2614 2.
1174 2569 1220 2627 7,
1248 2567 1280 2613 4
1318 2566 1515 2614 multus
1543 2566 1697 2613 stilus
1759 2567 1806 2626 3,
1835 2567 1865 2614 5
1904 2567 2085 2615 tardus
2117 2568 2287 2617 stilus.

300 2649 496 2697 ——The
523 2649 754 2712 genitive
779 2649 824 2697 is
851 2649 1124 2713 objective.

371 2733 437 2781 10
476 2733 797 2782 contrariam
828 2733 1160 2795 experimur:
1201 2731 1293 2780 i.e.
1334 2747 1412 2779 we
1464 2730 1574 2778 find
1615 2731 1734 2779 that
1774 2731 1847 2779 all
1884 2748 1978 2780 our
2012 2733 2162 2795 pains
2201 2750 2288 2782 are

300 2815 516 2876 useless,
545 2831 608 2878 go
635 2815 717 2863 for
741 2815 958 2878 naught,
987 2815 1070 2862 for
1097 2814 1367 2863 continual
1405 2814 1787 2876 interruptions
1815 2820 2036 2877 prevent
2060 2832 2121 2864 us
2150 2817 2287 2865 from

301 2897 576 2961 following
618 2902 709 2946 out
756 2898 846 2946 the
892 2897 1151 2961 carefully
1194 2897 1453 2960 prepared
1500 2901 1774 2958 argument
1823 2898 1927 2945 and
1976 2899 2177 2961 compel
2224 2915 2285 2947 us

300 2979 510 3028 instead
533 2984 588 3028 to
626 2980 788 3044 speak
814 2996 878 3028 ex
914 2979 1372 3042 tempora—The
1416 2994 1634 3042 passage
1675 2978 1718 3026 is
1761 2979 1816 3025 in
1859 2979 2062 3041 perfect
2104 2983 2287 3030 accord

299 3062 433 3111 with
473 3063 564 3111 the
607 3062 886 3111 oratorical
935 3062 1356 3111 characteristics
1402 3061 1458 3109 of
1503 3061 1771 3109 Secundus
1815 3077 1870 3109 as
1921 3064 2169 3110 recorded
2216 3064 2286 3127 by

300 3145 476 3203 Quint.
505 3147 557 3194 X
583 3146 629 3205 1,
658 3146 758 3193 120
797 3145 1076 3193 adiecisset
1104 3183 1113 3192 .
1144 3183 1153 3192 .
1185 3183 1193 3192 .
1223 3144 1411 3192 ceteris
1439 3143 1725 3190 virtutibus
1753 3182 1762 3191 .
1793 3182 1802 3191 .
1834 3182 1843 3192 .
1872 3149 1931 3192 ut
1957 3150 2094 3193 esset
2121 3146 2285 3194 multo

299 3227 465 3290 magis
503 3243 715 3291 pugnax
752 3232 805 3275 et
842 3227 1051 3290 saepius
1091 3228 1156 3275 ad.
1191 3243 1367 3274 curam
1393 3242 1565 3273 rerum
1592 3226 1656 3273 ab
1682 3226 1973 3275 elocutione
2001 3228 2286 3290 respiceret

299 3311 347 3371 3,
375 3311 440 3358 12
478 3309 640 3358 mirae
680 3310 957 3358 facundiae
996 3309 1184 3369 virum,
1226 3308 1463 3356 infinitae
1503 3311 1680 3355 tamen
1720 3311 2286 3374 curae—interrogat

299 3394 458 3442 iudex
494 3397 627 3440 etc.:
669 3393 758 3455 Cp.
789 3392 977 3456 Aper's
1019 3396 1304 3440 statement
1341 3391 1395 3437 in
1434 3406 1474 3437 o.
1505 3391 1569 3438 19
1608 3394 1711 3438 ext.
1763 3406 1856 3439 nec
1901 3394 2283 3454 expectandum

298 3473 494 3522 habent
533 3478 791 3523 oratorem
829 3475 952 3522 dum
990 3474 1071 3521 illi
1108 3474 1270 3521 libeat
1297 3473 1359 3520 de
1398 3472 1513 3535 ipso
1552 3472 1763 3534 negotio
1797 3473 1983 3533 dicere,
2013 3476 2103 3522 sed
2130 3491 2282 3538 saepe

297 3555 437 3604 ultro
464 3557 746 3605 admonent
772 3561 929 3619 atque
956 3556 1060 3604 alio
1085 3554 1559 3617 transgredientem
1587 3559 1833 3603 revocant
1859 3560 1912 3603 et
1949 3556 2201 3604 festinare
2228 3572 2282 3605 se
