2716 3964
455 281 562 333 298
1352 290 1557 334 NOTEs.

453 440 519 488 ad
544 439 826 488 utilitatem
866 436 1221 500 dirigerentur
1260 451 1441 485 eorum
1478 435 1668 500 quibus
1695 437 1974 487 consilium
2001 439 2279 504 daremus;
2317 441 2450 492 alios

452 523 580 571 item
622 521 679 569 in
720 520 1101 569 laudationibus
1139 519 1197 567 in
1239 518 1430 583 quibus
1468 519 1536 568 ad
1564 536 1905 583 personarum
1947 521 2251 584 diynitatem
2275 524 2453 575 omnia

452 606 792 653 referrentur.
1492 664 1501 673 η

523 691 553 737 9
594 689 712 738 sed.
742 719 750 728 .
778 718 788 728 .
814 687 1166 736 misceantur:
1218 685 1257 734 J
1260 684 1447 746 ustice,
1485 684 1670 750 utility
1708 686 1814 735 and
1849 684 2059 749 nioraIS,
2097 687 2301 752 though
2336 705 2454 740 con-

453 771 706 834 stituting
729 770 822 819 the
849 768 1113 834 principal
1137 767 1308 832 topics
1331 768 1389 816 of
1413 767 1709 817 discussion
1730 768 1786 816 in
1805 769 1897 818 the
1917 770 2210 834 respective
2236 771 2454 836 ‘genera

454 855 691 903 dicendi'
732 858 789 902 to
828 852 1003 902 which
1046 852 1176 916 they
1216 851 1466 915 properly
1505 851 1711 914 belong,
1751 868 1838 901 are
1882 854 2243 904 nevertheless
2281 855 2355 905 all
2394 872 2453 906 so

454 938 652 1002 closely
677 936 1025 985 interrelated
1063 951 1119 984 as
1157 939 1213 983 to
1251 935 1440 983 render
1476 934 1568 983 the
1606 939 1893 984 treatment
1919 936 1977 984 of
2000 952 2097 986 one
2122 941 2178 986 to
2202 938 2294 988 the
2314 939 2455 1004 rigid

455 1021 726 1070 exclusion
752 1020 809 1069 of
832 1020 924 1068 the
952 1019 1103 1068 other
1129 1018 1441 1083 practically
1469 1017 1791 1082 impossible.
1847 1019 1959 1068 The
1987 1035 2129 1070 same
2154 1021 2382 1086 thought
2406 1023 2453 1073 is

454 1105 680 1167 brought
706 1108 798 1152 out
821 1104 892 1167 by
919 1103 1096 1161 Quint.
1126 1102 1217 1149 ΠΙ
1242 1103 1290 1163 4,
1320 1102 1385 1150 16
1424 1117 1489 1150 ne
1528 1100 1594 1150 iis
1634 1101 1847 1166 quidem
1884 1103 2194 1153 accesserim
2218 1105 2310 1169 qui
2339 1106 2454 1176 (the

455 1188 670 1236 authors
709 1187 945 1235 referred
981 1190 1036 1234 to
1074 1185 1130 1233 in
1172 1187 1255 1242 §9
1281 1185 1361 1250 ff.)
1409 1185 1734 1234 laudativam
1777 1187 2052 1235 materiam
2096 1187 2453 1252 honestorum,

456 1270 860 1320 deliberativam
908 1269 1140 1330 utilium,
1188 1268 1491 1317 iudicialem
1540 1268 1799 1318 iustorum
1843 1270 2152 1334 quaestione
2195 1272 2456 1322 contineri

456 1359 662 1419 putant,
690 1354 849 1403 celeri
875 1353 1041 1416 magis
1069 1369 1128 1402 ac
1153 1353 1380 1401 rotunda
1404 1352 1487 1400 usi
1514 1352 1890 1402 distributione
1922 1370 2078 1417 quam
2104 1371 2243 1404 vera.
2303 1355 2470 1406 Stant*

457 1439 593 1488 enim
619 1439 980 1501 quodammodo
1006 1437 1199 1485 mutuis
1225 1436 1444 1484 auxiliis
1470 1437 1656 1485 omnia.
1731 1438 1870 1485 Nam
1895 1442 1950 1485 et
1975 1437 2031 1485 in
2056 1437 2210 1487 laude
2248 1438 2458 1489 iustitia

455 1522 766 1585 utilitasque
803 1525 1064 1569 tractatur
1091 1525 1144 1568 et
1169 1520 1224 1567 in
1250 1519 1489 1568 consiliis
1527 1519 1776 1569 honestas
1804 1524 1858 1568 et
1889 1536 2005 1569 raro
2043 1520 2345 1571 iudicialem
2381 1521 2457 1571 in-

456 1605 664 1654 veneris
715 1621 925 1654 causam
974 1603 1031 1651 in
1080 1603 1228 1652 cuius
1273 1607 1424 1667 parte
1473 1619 1578 1651 non
1627 1603 1832 1666 aliquid
1880 1619 2076 1666 eorum,
2121 1620 2254 1669 quae
2297 1620 2458 1670 supra

457 1689 704 1750 diximus,
733 1688 1028 1752 reperiatur
1065 1687 1170 1735 and
1206 1686 1361 1749 again
1398 1686 1489 1734 ΙΙΙ
1516 1687 1563 1747 8,
1592 1686 1621 1734 1
1661 1686 2035 1736 deliberativas
2062 1703 2270 1752 quoque
2295 1687 2458 1749 miror

457 1789 489 1821 a
525 1772 840 1836 quibusdam
878 1771 991 1819 sola
1025 1770 1264 1818 utilitate
1302 1768 1495 1818 finitas.
1542 1785 1600 1818 ac
1639 1769 1683 1817 si
1722 1770 1850 1832 quid
1887 1769 1944 1817 in
1981 1770 2064 1818 his
2101 1786 2266 1819 unum
2306 1771 2458 1836 sequi

425 1911 428 1915 .
458 1841 738 1919 oporteret,
763 1854 941 1918 =potior
979 1853 1172 1902 fuisset
1210 1853 1351 1916 apud
1387 1868 1469 1901 me
1508 1852 1775 1902 Ciceronis
1815 1853 2081 1902 sententia
2121 1854 2207 1923 (de
2237 1858 2368 1904 orat.
2397 1855 2458 1903 II

457 1940 539 2000 82,
568 1939 692 2003 334)
724 1938 817 2002 qui
842 1938 939 1986 hoc
966 1936 1218 1985 materiae
1246 1951 1408 1998 genus
1437 1935 1697 1998 dignitate
1724 1936 1952 1984 maxime
1990 1936 2249 1986 contineri
2286 1941 2454 2002 putat.

458 2038 552 2070 nec
597 2022 778 2070 dubito
824 2021 954 2084 quin
998 2020 1038 2067 ii
1083 2019 1174 2083 qui
1219 2023 1344 2067 sunt
1388 2018 1444 2066 in
1488 2018 1583 2066 illa
1624 2018 1797 2082 priore
1842 2019 2122 2081 sententia,
2169 2020 2458 2069 secundum

458 2105 757 2168 opinionem
784 2103 1195 2167 pulcherrimam
1221 2118 1286 2150 ne
1311 2101 1444 2150 utile
1472 2101 1684 2165 quidem
1709 2101 1814 2149 nisi
1841 2102 1981 2165 quod
2000 2102 2280 2151 honestum
2300 2106 2456 2164 esset,

458 2188 830 2237 existimarint.

626 2286 752 2325 With
789 2285 866 2324 the
905 2284 1091 2334 solitary
1127 2283 1363 2334 exception
1399 2282 1446 2322 of
1486 2281 1676 2332 Philipp,
1716 2282 1835 2322 Dial.
1885 2282 1982 2322 Tac.
2011 2313 2020 2322 .
2049 2314 2057 2323 .
2085 2314 2094 2323 .
2121 2294 2232 2335 quae
2263 2284 2459 2335 qemeina

560 2356 702 2405 fuerit
713 2354 880 2404 forma,
906 2354 1086 2393 Vienna
1109 2353 1213 2393 1887
1236 2364 1278 2403 p.
1305 2352 1358 2391 29
1379 2351 1429 2401 f.‚
1454 2351 1529 2391 the
1552 2351 1840 2391 emendation
1863 2351 1910 2391 of
1932 2352 2120 2392 Ursinus
2144 2356 2154 2376 ‘
2169 2352 2225 2393 de
2245 2352 2455 2403 utilitate,

569 2425 617 2464 in
654 2423 1018 2464 laudationibus’
1062 2422 1143 2462 has
1182 2424 1275 2461 met
1311 2421 1420 2460 with
1457 2419 1637 2472 general
1673 2425 1954 2471 acceptance.
2017 2421 2195 2473 Philipp
2229 2422 2358 2463 bases
2388 2421 2460 2462 his

571 2493 816 2544 objections
846 2504 968 2543 upon
997 2490 1361 2531 unwarrantable
1393 2489 1642 2529 inferences
1669 2489 1823 2529 drawn
1846 2489 1964 2529 from
1987 2490 2078 2531 Cic.
2105 2490 2161 2530 de
2183 2495 2294 2532 orat.
2320 2490 2366 2531 ΙΙ
2387 2491 2455 2541 10,

571 2563 625 2602 43
675 2563 744 2602 ΙΙΙ
778 2563 846 2613 30,
879 2562 954 2601 121
1009 2561 1162 2611 Quint.
1200 2560 1269 2599 111
1297 2559 1337 2609 8,
1364 2560 1384 2598 1
1418 2559 1508 2599 and
1549 2560 1590 2598 X
1623 2559 1661 2608 1,
1695 2559 1747 2598 47
1782 2559 1871 2599 and
1907 2559 2083 2610 ignores
2120 2559 2197 2600 the
2235 2559 2459 2612 tripartite

570 2631 882 2672 enumeration
907 2630 987 2670 ‘de
1008 2630 1139 2670 bonis
1164 2630 1267 2669 etc.'
1294 2628 1437 2668 which
1458 2628 1534 2667 the
1561 2632 1691 2668 ‘nam
1707 2629 1717 2648 '
1743 2627 1891 2668 clause
1922 2628 1959 2668 is
1988 2628 2216 2680 evidently
2243 2628 2459 2670 intended

570 2706 618 2742 to
639 2701 870 2741 illustrate.
918 2699 1121 2740 Ursinus’
1143 2699 1448 2747 restorations‚
1469 2697 1579 2737 both
1595 2697 1699 2736 here
1717 2697 1805 2737 and
1828 2697 1873 2736 in
1895 2709 1930 2737 c.
1951 2699 2045 2747 516,
2067 2698 2212 2738 where
2231 2698 2308 2738 the
2324 2698 2460 2739 exist-

571 2782 678 2811 ence
701 2770 747 2810 of
767 2782 794 2810 a
824 2769 987 2809 lacuna
1007 2769 1088 2808 has
1119 2767 1212 2808 also
1243 2766 1445 2818 unjustly
1476 2767 1589 2806 been
1621 2766 1783 2806 denied
1815 2767 1874 2817 by
1907 2767 2142 2819 Kiessling‚
2168 2767 2305 2808 Indeae
2323 2767 2453 2808 schol.

572 2839 836 2881 Greifswald
859 2838 964 2878 1884
971 2836 1041 2891 μ’),
1066 2849 1141 2878 are
1164 2849 1327 2888 among
1355 2837 1429 2876 the
1453 2840 1569 2876 most
1590 2836 1760 2876 certain
1791 2836 2102 2876 emendations
2132 2836 2263 2877 made
2292 2838 2338 2877 in
2368 2836 2459 2877 this

570 2909 764 2949 treatise.
781 2933 836 2938 -
853 2911 863 2931 ‘
880 2908 950 2947 Ita
975 2911 1127 2947 tamen
1159 2907 1243 2955 ut‚'
1269 2906 1438 2957 though
1471 2906 1603 2956 again
1636 2904 1777 2945 found
1810 2905 1855 2945 in
1886 2917 1922 2945 c.
1952 2906 2002 2946 16
2022 2913 2063 2944 22
2092 2905 2145 2946 38
2167 2915 2188 2947 7
2207 2905 2297 2946 and
2317 2906 2458 2946 hence

570 2978 798 3030 preferred
819 2978 878 3027 by
901 2988 1024 3017 some
1047 2975 1229 3025 edito'rs‚
1257 2976 1293 3015 is
1313 2974 1749 3026 palaeographically
1771 2979 1852 3015 not
1881 2986 1930 3015 so
1961 2987 2065 3026 easy
2096 2987 2145 3015 as
2173 2975 2249 3015 the
2279 2974 2458 3026 equally

570 3047 856 3096 satisfactory
892 3046 991 3086 ‘sed
1022 3047 1086 3086 ita
1116 3046 1188 3085 αι’
1223 3045 1648 3097 (disserimusitaut).
1715 3044 1773 3084 So
1803 3055 1840 3084 e.
1862 3055 1901 3095 g.
1930 3043 2021 3084 Cic.
2047 3044 2103 3084 de
2133 3043 2206 3084 off.
2234 3044 2281 3084 11
2311 3044 2377 3094 18,
2402 3044 2457 3084 64

571 3116 777 3157 habenda
807 3115 923 3155 ratio
953 3120 1021 3154 est
1041 3115 1105 3154 rei
1137 3114 1373 3154 familiaris
1403 3113 1476 3153 sed
1507 3114 1569 3153 ita
1598 3114 1646 3152 ut
1677 3112 1990 3153 illiberalitatis
2019 3115 2322 3164 avaritiaeque
2341 3113 2459 3154 absit

569 3196 775 3236 suspicio.

529 3270 594 3317 10
634 3269 838 3331 copiose
870 3270 921 3316 et
950 3268 1099 3317 varie
1130 3270 1182 3317 et
1212 3269 1422 3316 ornate:
1463 3265 1540 3315 Cf.
1573 3264 1677 3314 Cic.
1708 3264 1849 3314 Orat.
1880 3266 1927 3326 9,
1955 3266 2020 3314 29
2047 3269 2230 3314 ornate
2255 3280 2378 3314 vero
2403 3269 2458 3314 et

459 3351 691 3415 graviter
735 3354 788 3399 et
832 3349 1038 3413 copiose
1083 3349 1255 3398 dicere
1322 3349 1404 3408 33,
1446 3348 1545 3396 118
1585 3347 1648 3395 de
1687 3351 1813 3396 orat.
1855 3348 1882 3395 I
1922 3348 2003 3409 11,
2042 3349 2107 3397 48
2152 3347 2454 3412 composite,

460 3439 656 3494 ornate,
679 3433 888 3496 copiose
914 3431 1061 3495 loqui
1111 3432 1193 3491 13,
1217 3432 1282 3480 59
1310 3435 1568 3479 oratorem
1594 3430 1810 3493 plenum
1840 3434 1997 3493 atque
2024 3430 2317 3494 perfectum
2342 3445 2456 3479 esse

460 3534 578 3566 eum
606 3516 697 3581 qui
724 3517 787 3564 de
814 3514 1055 3563 omnibus
1083 3515 1235 3562 rebus
1262 3513 1432 3577 possit
1459 3512 1666 3576 copiose
1692 3512 1940 3576 varieque
1967 3512 2152 3562 dicere.

532 3601 595 3648 12
635 3599 1059 3663 pravitatemque
1106 3597 1389 3646 vitiorum:
1453 3595 1563 3643 The
1613 3595 1922 3659 expression
1972 3595 2017 3644 is
2067 3599 2160 3644 not
2207 3594 2453 3659 properly

461 3680 797 3732 antithetical
823 3685 879 3728 to
904 3679 1010 3727 vim
1036 3678 1298 3738 virtutum,
1322 3676 1333 3696 ²
1350 3677 1455 3725 vis'
1483 3677 1642 3740 being
1667 3677 1806 3738 here,
1831 3693 1887 3726 as
1914 3678 2077 3739 often,
2100 3691 2455 3742 synonymous
