2716 3964
1200 264 1247 305 0.
1282 264 1348 304 23.
2164 247 2269 301 247

282 413 356 462 ite
397 428 492 461 one
533 411 590 459 in
627 411 719 460 the
760 409 965 459 Middle
1007 409 1162 472 Ages.
1240 410 1330 473 Cp.
1360 409 1743 478 Petrarcthe
1782 408 1971 456 remed.
2001 406 2276 470 utriusque

283 496 406 543 fort.
435 493 648 543 Praefi:
688 493 869 542 attolit
909 508 968 541 ac
1010 492 1172 540 deicit
1212 496 1265 540 et
1305 491 1362 539 in
1402 508 1589 555 gyrum
1628 496 1782 552 rotat,
1823 492 1926 539 and
1964 491 2007 538 is
2042 505 2278 538 common

285 578 342 625 in
378 577 604 639 English
642 576 918 624 literature
959 575 1098 622 from
1138 575 1230 623 the
1260 575 1390 623 time
1433 574 1491 622 of
1533 574 1682 623 Rich.
1729 573 1882 622 Rolle
1922 573 1980 621 of
2016 573 2279 636 Hampole

290 665 353 729 (o.
383 659 715 724 1290-1349)
745 659 850 707 and
886 658 1135 708 Chaucer.
1214 658 1308 706 See
1348 657 1459 705 also
1486 657 1632 706 John
1658 657 1717 704 E.
1747 656 1976 718 Matzke,
2004 657 2199 704 Public.
2230 658 2292 719 of

287 745 372 792 the
397 745 532 790 Mod.
561 744 724 804 Lany.
754 742 917 789 Assoe.
948 742 1011 804 of
1025 740 1263 788 Ameriea
1298 741 1431 788 New
1461 740 1633 789 Series
1661 741 1689 787 I
1714 741 1761 789 3.
1779 741 1948 789 —ius
1977 741 2278 790 verrinum:

290 825 340 873 A
385 825 573 874 double
618 841 741 889 pun,
768 824 859 872 the
903 824 1094 887 phrase
1136 823 1432 887 signifying
1475 823 1645 871 either
1685 822 1935 872 ‘Verrine
1977 822 2197 887 justice'
2226 838 2284 870 or

290 909 489 957 ‘boar’s
528 908 713 956 831100.7
787 908 895 954 But
934 906 991 954 in
1027 906 1218 970 justice
1259 910 1314 954 to
1355 906 1535 956 Cicero
1575 906 1619 954 it
1655 910 1796 954 must
1834 906 1898 954 be
1930 906 2286 954 remembered

289 991 411 1040 that
434 991 524 1039 the
547 997 719 1039 orator
743 989 963 1038 himself
988 989 1257 1037 disclaims
1283 989 1373 1037 the
1401 989 1712 1052 authorship
1734 989 1791 1037 of
1813 989 1962 1038 these
1989 989 2154 1052 frigid
2172 989 2288 1036 wit-

290 1074 510 1134 ticisms,
532 1074 685 1122 afact
701 1073 876 1121 which
893 1072 1038 1135 Aper
1055 1071 1561 1135 characteristically
1583 1072 1804 1134 ignores.
1872 1072 1965 1120 See
1986 1073 2133 1121 Verr.
2156 1072 2215 1119 Π
2236 1072 2284 1132 1,

291 1159 375 1218 46,
403 1158 502 1205 121
540 1157 663 1204 hinc
690 1156 772 1203 illi
798 1155 1038 1203 homines
1065 1159 1215 1203 erant
1242 1155 1333 1218 qui
1359 1155 1519 1203 etiam
1545 1155 1757 1203 ridiculi
1791 1155 2195 1203 inveniebantur
2221 1170 2288 1203 ex

293 1240 508 1289 dolore:
549 1256 769 1303 quorum
808 1238 915 1300 alii,
944 1238 999 1286 id
1038 1239 1178 1302 quod
1218 1254 1372 1301 saepe
1414 1238 1652 1298 audistis,
1688 1238 1951 1300 negabant
1990 1238 2287 1286 mirandum

294 1339 407 1372 esse
437 1323 519 1371 ius
543 1327 653 1371 tam
692 1338 918 1386 nequam
957 1338 1071 1370 esse
1109 1323 1406 1370 verrinum:
1445 1321 1538 1369 alii
1578 1321 1738 1370 etiam
1777 1321 2080 1384 frigidiores
2121 1326 2285 1381 erant,

295 1407 388 1455 sed
412 1405 536 1469 quia
562 1406 1039 1465 stomachabantur,
1069 1404 1279 1453 ridiculi
1305 1405 1624 1453 videbantur
1658 1420 1771 1452 esse
1799 1421 1916 1453 cum
1956 1404 2288 1453 Sacerdotem

296 1489 714 1549 exsecrabantur,
743 1488 834 1551 qui
859 1504 1064 1535 verrem
1089 1492 1198 1535 tam
1224 1503 1451 1550 nequam
1489 1487 1808 1550 reliquisset.
1891 1488 2154 1552 Quaessqo
2191 1504 2290 1534 non

296 1588 728 1620 commemorarem
752 1574 932 1639 (neque
953 1571 1088 1618 enim
1103 1571 1363 1632 perfacete
1389 1571 1526 1618 dieta
1552 1587 1710 1633 neque
1727 1587 1880 1632 porro
1907 1571 2001 1617 liae
2026 1570 2291 1618 severitate

297 1655 457 1717 diqna
481 1653 619 1718 sunt)
649 1654 754 1701 nisi
789 1671 873 1700 vos
909 1653 1044 1700 illud
1078 1654 1255 1700 vellem
1291 1653 1561 1714 reeordari,
1591 1653 1742 1700 istius
1779 1653 2063 1715 nequitiam
2091 1660 2199 1700 tum
2235 1653 2292 1700 in

297 1754 378 1785 ore
416 1737 558 1799 vulqi
596 1744 745 1799 atque
783 1736 839 1783 in
881 1735 1220 1783 communibus
1259 1738 1539 1797 proverbiis
1577 1754 1677 1784 esse
1714 1745 1968 1784 versatam
2005 1737 2110 1784 and
2144 1736 2203 1782 II
2240 1736 2289 1796 4,

297 1820 381 1882 43,
409 1821 474 1869 95
514 1821 708 1883 quoted
743 1818 924 1867 below.
1001 1817 1316 1865 Rufinianus
1358 1833 1406 1880 p.
1450 1818 1515 1865 39
1556 1817 1626 1865 Η.
1662 1816 1792 1864 cites
1833 1816 1942 1864 this
1980 1833 2088 1880 pun
2127 1833 2183 1866 as
2224 1833 2288 1865 an

299 1902 538 1965 example
565 1901 622 1950 of
658 1902 932 1964 ἀστεῖσμός,
960 1901 1055 1949 but
1082 1900 1256 1957 Quint.
1271 1890 1362 1965 {VI
1389 1901 1436 1960 3,
1464 1901 1496 1946 4
1534 1899 1590 1946 111
1616 1900 1759 1947 what
1786 1900 2085 1948 sometimes
2124 1916 2290 1949 seems

299 1990 354 2033 to
396 2001 478 2033 me
518 1985 627 2032 like
671 2000 739 2032 an
787 1983 1179 2032 unmistakable
1221 1983 1449 2031 allusion
1503 1987 1557 2030 to
1603 1982 1789 2046 Aper’s
1833 1983 2014 2031 unfair
2057 1999 2289 2045 censure,

301 2068 454 2130 again
480 2068 649 2115 draws
676 2067 940 2115 attention
964 2071 1019 2115 to
1054 2066 1278 2116 Cicero⁷s
1317 2066 1514 2113 motive
1553 2065 1609 2112 in
1646 2065 1982 2128 introducing
2005 2066 2154 2114 these
2181 2083 2293 2130 par-

300 2150 491 2199 ticular
518 2151 649 2213 jeux
686 2151 745 2197 de
784 2157 921 2197 mois,
998 2150 1083 2197 He
1124 2150 1246 2197 does
1288 2153 1381 2196 not
1422 2143 1559 2211 deny
1585 2148 1703 2196 that
1739 2149 1830 2196 the
1857 2154 2031 2197 orator
2068 2149 2124 2196 in
2161 2149 2291 2213 ipsis

302 2233 460 2282 etiam
504 2232 827 2280 orationibus
871 2231 1082 2280 habitus
1127 2236 1208 2280 est
1248 2231 1442 2278 nimius
1484 2231 1620 2279 risus
1662 2231 1954 2280 adfectator
2003 2236 2109 2300 (see
2150 2233 2291 2281 Plut.

304 2316 480 2379 Comp.
510 2316 658 2363 Dem.
687 2319 740 2363 et
767 2315 870 2364 Cic.
902 2315 955 2379 1)
983 2314 1079 2362 but
1103 2315 1169 2362 he
1196 2315 1324 2362 adds
1363 2313 1495 2361 mihi
1522 2313 1734 2377 quidem
1761 2352 1770 2361 .
1802 2352 1811 2362 .
1843 2352 1851 2361 .
1880 2314 2015 2363 mira
2040 2316 2294 2378 quaedam

302 2398 358 2445 in
385 2414 443 2446 eo
469 2398 679 2446 videtur
704 2397 871 2445 fuisse
898 2397 1169 2445 urbanitas
1198 2435 1208 2445 .
1240 2435 1249 2444 .
1280 2435 1289 2444 .
1319 2401 1371 2444 et
1403 2396 1498 2444 illa
1523 2396 1639 2459 ipsa
1664 2413 1795 2459 quae
1834 2402 1958 2445 sunt
1994 2397 2050 2445 in
2077 2399 2294 2447 Verrem

305 2480 447 2529 dicta
485 2480 749 2543 frigidius,
790 2479 909 2528 aliis
951 2479 1252 2542 adsignavit
1295 2484 1348 2527 et
1385 2479 1680 2527 testimonii
1717 2479 1831 2528 1000
1874 2479 2052 2543 posuit
2088 2485 2163 2541 ut,
2192 2497 2293 2544 quo

305 2567 427 2611 sunt
453 2563 619 2625 magis
646 2562 898 2625 vulgaria,
928 2578 987 2610 eo
1013 2562 1084 2610 sit
1110 2562 1414 2610 credibilius
1454 2561 1547 2610 illa
1583 2562 1647 2610 ab
1673 2567 1876 2610 oratore
1902 2578 2007 2610 non
2043 2562 2165 2612 ficta
2202 2565 2295 2612 sed

302 2645 501 2709 passim
549 2661 662 2694 0880
712 2644 921 2693 iactata.
978 2645 1095 2711 (See
1145 2648 1267 2693 note
1315 2643 1506 2710 below)
1558 2643 1866 2707 utinamque
1914 2644 2134 2694 libertus
2182 2645 2293 2694 01118

304 2727 426 2776 Τ11·0
451 2732 543 2775 aut
568 2727 702 2775 alius
730 2727 970 2790 quisquis
998 2727 1118 2787 fuit,
1147 2727 1237 2790 qui
1262 2731 1370 2774 tres
1397 2714 1495 2809 ha}
1522 2726 1585 2773 de
1612 2741 1666 2773 re
1692 2725 1854 2774 libros
1881 2726 2064 2787 edidit,
2087 2727 2293 2790 parcius

304 2810 563 2858 dictorum
600 2826 815 2858 numero
852 2809 1163 2858 indulsisset
1201 2814 1254 2857 et
1291 2809 1409 2872 plus
1449 2808 1631 2856 iudicii
1667 2808 1723 2855 in
1757 2809 2012 2872 eligendis
2049 2826 2204 2873 quam
2240 2810 2295 2857 in

303 2892 644 2955 congerendis
707 2892 871 2940 studii
933 2892 1292 2940 adhibuisset:
1366 2892 1537 2938 minus
1597 2892 1810 2939 obiectus
1866 2893 2294 2940 calumniantibus

304 2969 443 3018 foret
467 2969 557 3033 qui
583 2974 761 3018 tamen
786 2985 924 3018 nunc
951 2986 1171 3034 quoque,
1192 2974 1253 3018 ut
1279 2969 1334 3017 in
1360 2970 1502 3018 omni
1528 2969 1640 3019 eius
1667 2971 1893 3034 ingenio,
1916 2973 2126 3022 facilius
2153 2975 2292 3038 quod

305 3051 432 3100 reici
458 3068 613 3115 quam
639 3053 779 3116 quod
804 3052 940 3100 adici
978 3052 1147 3115 possit
1183 3052 1471 3100 invenient.
1548 3053 1658 3101 The
1683 3053 1832 3117 jokes
1858 3055 1916 3103 of
1952 3056 2130 3106 Cicero
2156 3073 2290 3105 were

306 3135 617 3199 apparently
643 3135 854 3199 eagerly
880 3135 1134 3184 collected
1171 3135 1226 3182 in
1263 3135 1346 3183 his
1384 3135 1643 3183 life-time.
1719 3136 1797 3186 Of.
1835 3138 1901 3186 ad
1938 3138 2060 3187 fam.
2091 3141 2198 3189 VII
2224 3140 2290 3188 32

307 3218 390 3265 IX
417 3218 498 3278 16,
524 3219 556 3264 4
594 3218 697 3266 XV
721 3218 803 3278 21,
831 3218 878 3266 2.
955 3218 1057 3266 His
1086 3235 1201 3266 own
1227 3218 1414 3282 theory
1440 3219 1498 3265 of
1530 3218 1623 3266 wit
1662 3218 1707 3267 is
1734 3220 1874 3284 fully
1908 3221 2196 3285 developed
2236 3223 2290 3270 in

305 3299 396 3348 the
423 3300 485 3348 de
512 3305 638 3348 orat.
664 3301 721 3347 Π
749 3302 830 3360 54,
859 3301 1077 3350 216-71.
1102 3302 1216 3349 290.
1295 3301 1388 3349 See
1415 3301 1525 3348 also
1552 3301 1784 3364 Herwig,
1806 3304 1919 3351 Das
1949 3305 2213 3367 Wortspiel
2237 3306 2292 3353 in

315 3382 523 3430 Cieero's
548 3383 737 3443 Reden,
766 3383 945 3445 Progr.
976 3383 1275 3431 Attendorn
1302 3383 1451 3431 1889.

375 3464 406 3511 2
445 3465 587 3514 istud
625 3466 782 3514 tertio
823 3480 1026 3530 quoque
1067 3481 1251 3515 sensu·
1279 3497 1287 3505 ·
1317 3480 1461 3515 -esse
1490 3466 1763 3516 videatur:
1817 3468 1927 3516 The
1971 3469 2288 3532 rhythmica]

307 3545 541 3595 clausula
566 3546 688 3595 here
710 3548 963 3596 censured
987 3563 1093 3596 was
1121 3547 1437 3612 sufficiently
1458 3547 1705 3612 frequent
1731 3548 1787 3597 in
1813 3549 1992 3600 Cicero
2017 3555 2072 3599 to
2098 3556 2290 3600 attract
