2716 3964
1138 285 1185 326 c.
1222 286 1286 326 19.
1321 286 1388 327 20.
2142 272 2248 326 217

260 431 449 481 earlier
474 431 602 480 laws
633 430 783 499 (such
809 445 864 478 as
890 430 981 478 the
1007 429 1094 478 lex
1120 430 1184 478 de
1209 429 1263 477 vi
1289 434 1342 478 et
1367 429 1583 491 ambitu,
1610 430 1694 478 for
1719 429 1978 495 instance)
2007 430 2102 479 but
2126 432 2254 496 they

259 514 581 563 themselves
609 512 916 574 determine,
944 512 1224 576 according
1248 517 1304 561 to
1328 513 1470 561 their
1495 512 1795 574 discretion,
1822 513 1912 561 the
1943 514 2161 563 number
2198 514 2256 563 of.

258 597 420 646 hours
457 601 512 645 to
548 597 612 645 be
649 595 873 644 allotted
907 600 962 644 to
998 595 1089 644 the
1128 596 1330 644 several
1367 596 1628 659 speakers,
1704 596 1814 644 The
1852 601 2253 646 commentators

259 679 451 744 tacitly
476 695 682 728 assume
707 678 799 727 the
820 678 1067 741 meaning
1085 678 1143 726 of
1168 677 1179 697 ³
1192 678 1486 742 accipiunt'
1513 683 1569 726 to
1588 679 1651 727 be
1672 679 1789 727 that
1808 679 1898 728 the
1920 679 2253 742 magistrates

261 763 327 811 do
352 766 446 810 not
471 766 654 826 accept
677 761 769 810 the
794 761 1065 824 proposals
1092 776 1148 809 as
1174 765 1229 809 to
1255 761 1384 810 time
1410 761 1692 811 allowance
1726 762 1876 810 made
1913 766 1967 810 to
2004 763 2149 810 them
2186 764 2256 826 by

259 845 352 894 the
389 844 631 908 litigants
668 844 1004 905 themselves,
1031 844 1126 892 but
1162 843 1270 892 this
1310 859 1476 892 seems
1513 848 1568 892 to
1606 844 1816 893 conflict
1845 844 1977 893 with
2006 845 2149 894 what
2178 862 2254 894 we

259 927 416 976 know
443 927 500 976 of
523 928 728 975 Roman
754 930 903 975 court
928 926 1227 990 procedure.
1305 927 1383 976 Cf.
1407 927 1544 974 Plin.
1568 927 1663 991 Ep.
1688 927 1767 976 IV
1791 929 1837 988 9,
1866 929 1897 976 9
1935 945 1959 975 e
1986 929 2088 990 leqe
2114 944 2257 977 accu-

261 1014 403 1059 sator
423 1026 515 1059 sex
539 1010 710 1071 horas,
729 1025 918 1058 novem
937 1025 1056 1058 reus
1077 1010 1344 1072 accepisset
1386 1010 1443 1057 11
1462 1010 1542 1071 11,
1562 1011 1627 1057 14
1670 1026 1791 1058 nam
1811 1011 1926 1059 XII
1947 1011 2254 1075 clepsydris,

261 1109 391 1157 quas
418 1092 829 1157 spatiosissimas
857 1110 1161 1156 acceperam,
1190 1096 1314 1141 sunt
1339 1093 1548 1141 additae
1584 1098 1831 1156 quattuor
1872 1098 1962 1162 (sc.
1993 1110 2024 1142 a
2060 1094 2253 1158 iudice)

163 1154 172 1173 ⁷
260 1175 437 1225 which
473 1191 719 1240 passages
757 1175 883 1223 lend
916 1175 1150 1239 weighty
1188 1179 1408 1239 support
1443 1179 1499 1223 to
1535 1175 1626 1224 the
1664 1175 2069 1239 interpretation
2105 1178 2258 1226 advo-

263 1259 416 1308 cated
440 1258 496 1306 in
520 1258 611 1306 the
638 1258 921 1322 preceding
945 1262 1083 1306 note.

331 1342 397 1390 25
437 1342 818 1405 expectandum
858 1342 1083 1392 habent:
1137 1341 1219 1391 On
1254 1340 1363 1390 this
1403 1341 1689 1404 gerundive
1728 1342 2088 1391 construction
2125 1343 2258 1391 with

262 1423 470 1485 habere,
498 1424 565 1472 cf.
593 1428 718 1472 note
744 1440 784 1473 0.
814 1425 844 1473 8
873 1432 938 1472 12.

332 1507 399 1556 27
444 1507 553 1556 alio
602 1507 1107 1570 transgredientem:
1160 1506 1446 1569 Referring
1493 1512 1548 1555 to
1591 1506 1878 1556 irrelevant
1918 1507 2254 1570 digressionS,

263 1592 593 1654 παρεκβάσεις.
671 1589 750 1639 Cf.
780 1589 957 1647 Quint.
986 1590 1065 1638 IV
1090 1590 1232 1651 3,13
1271 1605 1373 1652 quo
1411 1605 1476 1637 ex
1514 1605 1700 1652 genere
1743 1594 1833 1659 (sc.
1874 1591 2254 1656 egressionum)

264 1676 346 1721 est
381 1671 436 1719 in
474 1671 799 1720 orationibus
837 1676 1019 1721 contra
1042 1673 1260 1721 Verrem
1298 1672 1601 1736 compositis
1642 1672 1852 1721 Siciliae
1889 1673 2021 1735 laus,
2049 1675 2258 1722 Proser-

262 1754 417 1819 pinae
454 1759 652 1818 raptus,
691 1771 785 1819 pro
823 1755 876 1805 C.
907 1754 1148 1804 Cornelio
1185 1754 1453 1818 popularis
1491 1754 1586 1822 illa
1620 1754 1880 1803 virtutum
1918 1756 2008 1805 Cn.
2038 1757 2257 1820 Pompei

262 1837 700 1898 commemoratio,
738 1842 794 1885 to
823 1837 997 1885 Which
1025 1853 1103 1886 we
1141 1853 1262 1902 may
1300 1838 1403 1885 add
1437 1837 1528 1885 the
1566 1838 1755 1902 eulogy
1792 1838 1850 1886 of
1885 1844 2034 1902 poets
2072 1839 2128 1886 in
2163 1840 2256 1887 the

261 1936 356 1984 pro
381 1920 539 1969 Arch.
569 1920 673 1968 and
697 1920 789 1968 the
813 1920 998 1968 banter
1025 1936 1092 1968 on
1120 1920 1267 1968 Stoic
1288 1920 1575 1984 paradoxes
1602 1920 1658 1967 in
1682 1920 1774 1969 the
1800 1937 1894 1984 pro
1919 1922 2054 1969 Mur.
2082 1923 2187 1977 §61
2215 1922 2253 1971 f.
2320 1909 2324 1912 ⁴

264 2003 392 2052 This
418 2003 665 2067 practice,
692 2003 898 2066 though
923 2007 978 2051 at
1002 2003 1159 2051 times
1185 2008 1277 2051 not
1304 2007 1394 2051 out
1426 2003 1482 2051 of
1518 2003 1665 2066 place
1696 2004 1784 2073 (cf.
1815 2004 1918 2054 Cic.
1947 2005 2011 2052 de
2038 2010 2165 2053 orat.
2195 2006 2255 2052 II

265 2089 345 2148 77,
362 2088 462 2136 311
490 2086 694 2150 digredi
718 2090 896 2135 tamen
922 2084 986 2134 ab
1012 2102 1072 2135 eo
1093 2087 1232 2149 quod
1257 2086 1590 2150 proposueris
1617 2091 1774 2149 atque
1795 2102 1933 2149 agas,
1955 2103 2257 2151 permoven-

261 2170 444 2218 dorum
465 2169 758 2218 animorum
779 2184 934 2217 causa
960 2184 1115 2232 saepe
1134 2169 1266 2218 utile
1288 2173 1369 2217 est
1395 2169 1570 2226 Quint.
1595 2170 1674 2218 IV
1692 2171 1739 2230 3,
1762 2170 1828 2217 14
1854 2170 1934 2234 f.)‚
1958 2170 2002 2218 is
2024 2170 2255 2235 cleverly

260 2252 518 2302 ridiculed
542 2253 613 2317 by
639 2254 796 2301 Mart.
826 2252 904 2302 VI
930 2253 995 2301 19
1027 2268 1131 2300 non
1169 2252 1233 2300 de
1266 2251 1323 2299 vi
1359 2268 1529 2315 neque
1566 2253 1722 2300 caede
1759 2268 1854 2301 nec
1890 2269 2092 2302 veneno
2125 2253 2130 2323 Ι
2164 2255 2256 2302 sed

259 2334 327 2384 lis
354 2340 435 2384 est
460 2335 592 2383 mihi
617 2336 681 2384 de
707 2335 877 2384 tribus
905 2335 1122 2399 capellis
1157 2333 1162 2401 Ι
1196 2334 1358 2383 vicini
1386 2351 1574 2398 queror
1603 2335 1698 2383 has
1730 2335 1909 2384 abesse
1940 2336 2085 2384 furto
2119 2335 2124 2406 Ι
2158 2337 2254 2385 hoc

261 2417 420 2467 iudex
457 2418 558 2467 sibi
584 2419 820 2483 postulat
847 2418 1057 2483 probari
1091 2417 1097 2487 Ι
1129 2422 1189 2466 tu
1222 2418 1426 2468 Cannas
1467 2417 1996 2481 Mithridaticumque
2022 2419 2242 2489 bellum}

262 2538 273 2549 .
302 2538 312 2549 .
342 2539 353 2549 .
382 2501 486 2550 iam
508 2501 607 2563 dic,
625 2502 890 2563 Postume,
915 2502 978 2550 de
999 2500 1170 2549 tribus
1193 2500 1411 2564 capellis
1437 2500 1524 2568 (cf.
1548 2500 1710 2548 Anth.
1735 2501 1846 2549 Pal.
1872 2502 1963 2548 III
1988 2502 2095 2566 46).
2162 2503 2252 2566 Cp.

260 2583 574 2646 Volkmann,
613 2586 761 2634 Rha.
792 2601 841 2648 p.
870 2585 971 2632 124
996 2584 1050 2632 ff.
1105 2585 1308 2648 Mayor,
1349 2583 1524 2640 Quint.
1557 2584 1610 2631 X
1648 2583 1694 2643 1,
1722 2585 1802 2632 33.
1822 2585 2163 2635 -festinare
2202 2601 2256 2635 se

259 2669 549 2718 testantur:
589 2667 669 2718 Of.
700 2667 986 2725 Quint-..iv
1011 2668 1057 2728 1,
1087 2668 1152 2716 72
1191 2666 1474 2729 aliquando
1511 2670 1688 2714 tamen
1727 2666 1807 2714 uti
1838 2670 1928 2735 (sc.
1962 2668 2250 2733 prooemio)

258 2765 353 2799 nec
379 2749 425 2798 si
450 2750 673 2799 velimus
701 2766 761 2799 eo
786 2750 927 2811 licet,
949 2766 1066 2799 011111
1092 2750 1250 2798 111ᾶοΧ
1276 2753 1572 2812 occupatus,
1595 2764 1709 2797 cum
1733 2754 1956 2812 angusta
1982 2755 2104 2799 sunt
2128 2755 2255 2802 tem-

257 2847 399 2896 pora,
427 2849 543 2882 cum
571 2833 736 2882 maior
761 2837 994 2896 potestas
1021 2833 1086 2882 ab
1112 2832 1228 2896 ipsa
1253 2848 1307 2880 re
1334 2831 1472 2894 cogit
1498 2831 1729 2895 incipere
1755 2833 1858 2880 and
1883 2848 1989 2896 esp.
2013 2834 2092 2883 IV
2117 2834 2164 2894 5,
2187 2835 2252 2882 10

258 2914 481 2964 festinat
507 2915 646 2965 enim
681 2915 840 2964 iudex
877 2916 943 2964 ad
980 2915 1036 2964 id
1074 2915 1213 2979 quod
1250 2914 1678 2978 potentissimum
1718 2919 1813 2975 est,
1854 2919 1907 2964 et
1944 2916 2092 2964 velut
2129 2916 2256 2965 obli-

258 3002 438 3060 gatum
462 2998 720 3062 promisso
747 3003 1041 3062 patronum,
1065 2998 1109 3046 si
1137 3002 1217 3046 est
1243 2997 1544 3061 patientior,
1573 2997 1766 3046 tacitus
1793 2998 2058 3061 appellat;
2098 2999 2143 3048 si
2168 2999 2254 3047 vel

258 3086 539 3144 occupatus
573 3082 658 3130 vel
697 3081 752 3129 in
789 3082 968 3145 aliqua
998 3085 1258 3144 potestate
1286 3080 1370 3128 vel
1399 3080 1556 3128 etiam
1588 3079 1662 3128 810
1688 3080 1918 3130 moribus
1945 3081 2253 3145 incomposi-

256 3166 359 3224 tus,
387 3179 503 3212 cum
528 3164 762 3213 convicio
789 3164 1056 3227 efflagitat.

327 3246 407 3296 20.
465 3246 493 3294 1
535 3247 598 3296 de
636 3247 951 3296 infirmitate
989 3246 1316 3296 valetudinis
1366 3260 1490 3295 suae
1547 3247 1874 3308 praesentem
1913 3251 2024 3295 etc:
2073 3246 2250 3304 Quint.

259 3326 339 3376 IV
363 3328 410 3388 1,
432 3328 479 3389 8,
507 3328 552 3376 is
579 3344 720 3377 more
745 3329 975 3378 tolerant
995 3329 1052 3377 of
1077 3328 1205 3377 such
1233 3327 1585 3391 ‘captationes
1606 3328 2052 3378 benevolentiae':
2092 3330 2252 3386 Quae-

260 3409 379 3458 dam
417 3447 427 3458 .
462 3447 471 3458 .
510 3450 520 3460 .
561 3411 943 3460 commendatio
980 3411 1157 3471 tacita,
1192 3410 1236 3459 si
1274 3426 1367 3458 nos
1395 3410 1643 3470 infirmos,
1683 3410 1983 3475 imparatos,
2023 3412 2250 3474 impares

261 3492 527 3554 agentium
554 3498 735 3542 contra
759 3493 985 3556 ingeniis
1014 3493 1316 3551 dixerimus,
1346 3493 1527 3554 qualia
1559 3501 1680 3541 sunt
1706 3495 1953 3556 pleraque
1979 3495 2251 3542 Messallae

260 3574 533 3634 prooemia.
597 3579 678 3623 est
703 3574 844 3623 enim
877 3575 1135 3623 naturalis
1167 3575 1318 3623 favor
1355 3590 1448 3637 pro
1485 3574 1844 3624 laborantibus
1872 3580 1924 3624 et
1951 3576 2108 3624 iudex
2134 3576 2250 3624 reli-
