2716 3964
1201 253 1250 295 o.
1283 253 1350 294 32.
2161 237 2270 290 307

279 397 361 457 66,
389 397 491 445 233
541 396 716 454 Quint.
745 398 797 444 X
825 397 871 457 1,
900 397 965 445 19
991 397 1129 444 unde
1155 412 1250 445 nos
1275 413 1380 445 non
1418 396 1474 444 id
1511 401 1725 459 agentes
1765 395 1954 443 furtim
1990 395 2142 443 decor
2180 395 2272 443 ille

280 478 604 527 discentibus
654 478 883 527 traditus
933 483 1281 542 prosequatur
1353 480 1400 540 3,
1429 479 1495 526 25
1538 478 1626 547 (cf.
1667 477 1909 538 Bonnell,
1950 477 2118 542 Lex.).
2208 478 2275 525 In

281 562 423 609 Tac:
463 561 558 624 Ag.
587 563 654 610 43
680 561 766 609 hic
792 561 937 609 aliud
963 577 1121 623 agens
1148 561 1374 624 populus
1402 562 1505 609 and
1531 577 1571 609 c.
1601 562 1666 609 28
1693 568 1760 608 28.

351 644 382 692 6
419 644 512 693 ubi
541 645 761 694 minime
791 644 997 694 credas:
1039 644 1117 693 Cf.
1151 644 1266 692 Sen.
1295 645 1389 707 Ep.
1422 645 1538 704 100,
1567 646 1597 692 7
1635 643 1726 691 ubi
1759 643 1975 691 minime
2011 647 2272 707 expectas,

279 727 560 776 —eminet
590 730 642 776 et
672 727 915 777 excellit:
968 726 1078 774 The
1106 742 1248 774 same
1275 727 1446 775 words
1474 742 1560 775 are
1589 727 1835 790 grouped,
1861 727 1957 774 but
1982 726 2039 773 in
2069 726 2276 774 inverse

281 809 433 857 order
486 812 594 877 (866
638 814 761 857 note
805 825 845 858 c.
888 810 920 856 4
951 809 999 873 3)
1046 809 1101 856 16
1146 809 1250 859 Cic.
1292 810 1355 858 de
1394 826 1500 873 rep.
1531 810 1591 857 II
1629 810 1712 870 28,
1740 810 1806 858 50
1856 809 2070 857 6Χ661111;
2119 813 2276 872 atque

282 892 478 940 eminet
503 891 584 940 vis
635 892 775 940 Plin.
805 893 933 940 Pan.
962 893 993 939 2
1020 892 1118 940 1106
1144 893 1310 955 magis
1347 893 1560 941 excellit
1598 897 1756 956 atque
1794 892 2004 941 eminet.
2083 892 2279 941 Seneca

282 990 449 1022 seems
476 974 724 1038 disposed
744 978 804 1023 ,136
830 975 967 1038 deny
992 974 1083 1023 the
1109 976 1259 1023 truth
1285 976 1343 1023 of
1366 976 1474 1024 this
1503 980 1801 1024 statement.
1866 975 1946 1025 Cf.
1974 977 2071 1038 Ep.
2101 976 2182 1036 88,
2211 977 2277 1024 36

282 1057 367 1105 ‘at
406 1057 547 1105 enim
589 1057 818 1106 delectat
859 1058 1053 1105 artium
1096 1058 1290 1106 notitia
1331 1059 1648 1107 multarum.’
1724 1061 1951 1107 Tantum
1994 1058 2173 1121 itaque
2213 1074 2278 1106 ex

281 1140 391 1189 illis
442 1140 780 1201 retineamus,
833 1145 1088 1203 quantum
1138 1141 1491 1189 necessarium
1540 1146 1620 1190 est
1659 1180 1668 1189 .
1698 1180 1708 1190 .
1739 1180 1749 1190 .
1790 1142 1908 1206 plus
1958 1142 2091 1190 scire
2141 1141 2277 1189 velle

283 1239 441 1287 quam
468 1223 539 1272 sit
566 1223 712 1284 satis,
741 1223 1180 1287 intemperantiae
1208 1240 1369 1287 genus
1397 1226 1769 1289 est—idque:
1806 1225 1886 1274 On
1912 1224 2088 1272 initial
2116 1224 2279 1288 ‘ques

283 1324 369 1357 see
395 1313 518 1357 note
545 1325 584 1357 c.
615 1311 645 1357 6
676 1317 947 1358 6.-—non·
977 1340 985 1349 ·
1014 1339 1023 1349 ·
1051 1310 1199 1359 modo
1222 1341 1231 1350 ·
1260 1341 1268 1350 .
1296 1340 1304 1349 ·
1333 1313 1407 1359 et:
1447 1310 1527 1359 On
1554 1311 1828 1373 separated
1849 1310 2186 1370 ‘non-modo,'
2208 1310 2279 1358 61.

283 1396 405 1440 note
439 1408 479 1440 6.
508 1392 539 1439 2
571 1400 611 1441 6.

354 1477 384 1525 7
424 1476 693 1539 legitime:
733 1475 1044 1539 ‘properlyss
1119 1476 1184 1523 In
1223 1475 1331 1523 this
1371 1491 1538 1536 sense,
1566 1476 1657 1524 the
1683 1477 1828 1524 word
1865 1475 1910 1524 is
1948 1492 2187 1524 common
2223 1476 2281 1523 in

283 1558 375 1606 the
400 1558 562 1606 Elder
587 1558 762 1621 Pliny,
789 1558 885 1606 but
916 1558 1231 1622 apparently
1257 1562 1350 1606 not
1376 1558 1658 1606 elsewhere
1686 1574 1742 1606 so
1767 1559 1911 1619 used,
1940 1563 2127 1622 except
2153 1575 2281 1607 once

284 1640 342 1689 in
367 1641 481 1688 Iuv.
510 1641 624 1688 XII
651 1641 766 1688 100.

355 1724 385 1772 8
425 1738 518 1787 per
547 1738 723 1773 omnes
754 1724 1087 1788 eloquentiae
1117 1739 1357 1773 numeros
1389 1725 1514 1773 isse:
1555 1724 1635 1773 On
1662 1724 1752 1771 the
1777 1740 1870 1772 use
1897 1724 1954 1772 of
1979 1724 2119 1788 ‘per’
2143 1725 2283 1773 after

284 1807 440 1855 verbs
479 1806 536 1854 61
571 1806 787 1867 motion,
816 1806 948 1854 With
986 1822 1053 1855 an
1090 1822 1191 1855 acc.
1232 1807 1300 1862 61,
1325 1811 1522 1867 extent,
1552 1822 1636 1854 see
1674 1811 1796 1854 note
1835 1823 1875 1855 c.
1907 1807 1971 1855 19
1998 1807 2281 1855 22.—The

285 1889 450 1952 figure
477 1905 644 1937 seems
670 1894 726 1938 to
751 1889 814 1937 be
841 1889 1002 1937 taken
1028 1889 1163 1937 from
1190 1889 1296 1937 the»
1318 1889 1533 1951 fencing
1571 1889 1761 1937 school.
1838 1889 1917 1939 Cf.
1947 1890 2123 1947 Quint.
2155 1891 2207 1938 X
2232 1891 2279 1950 1,

285 1973 319 2020 4
358 1973 450 2020 sed
487 1972 691 2020 athleta
727 1972 818 2035 qui
857 1988 1034 2020 omnes
1074 1972 1179 2020 iam
1216 1972 1558 2035 perdidicerit
1595 1988 1626 2020 a
1662 1977 1999 2035 praeceptore
2038 1989 2284 2021 numeros

285 2055 418 2104 with
444 2055 676 2119 Mayor's
705 2056 810 2103 and
843 2056 1142 2103 Peterson’s
1180 2059 1330 2103 notes
1369 2055 1436 2103 ad
1473 2055 1566 2113 loc.
1585 2059 1759 2104 -ut-
1789 2086 1797 2095 ·
1825 2086 1834 2094 ·
1861 2059 1950 2104 ut·
1979 2086 1987 2095 -
2016 2087 2025 2097 ·
2051 2060 2111 2105 ut
2142 2057 2285 2105 deni-

288 2153 413 2203 que:
455 2138 534 2188 Cf.
564 2138 656 2186 the
682 2138 949 2201 anaphora
974 2138 1031 2186 in
1056 2155 1096 2187 6.
1126 2139 1191 2187 30
1213 2147 1266 2185 20
1292 2139 1356 2187 38
1382 2147 1431 2184 12
1458 2138 1562 2186 6116.
1587 2142 1707 2186 note
1735 2154 1775 2186 6.
1806 2139 1836 2186 9
1865 2143 2286 2189 10.—oratorem

288 2237 356 2270 sc.
385 2237 517 2269 eum.
594 2221 704 2269 The
731 2221 982 2269 omission
1014 2222 1071 2269 61
1107 2238 1137 2270 6
1174 2220 1586 2269 demonstrative
1624 2237 1862 2284 pronoun
1901 2221 1957 2268 in
1994 2222 2143 2270 these
2182 2223 2287 2270 and

287 2304 572 2366 analogous
599 2304 983 2353 constructions
1011 2304 1055 2353 is
1085 2304 1230 2368 quite
1259 2303 1652 2352 characteristic
1674 2304 1731 2351 of
1758 2304 1986 2352 Tacitus.
2066 2305 2145 2354 Cf.
2175 2321 2216 2353 e.
2237 2322 2281 2367 g.

287 2387 384 2450 Ag.
408 2387 472 2435 11
500 2386 693 2450 positio
719 2387 851 2435 caeli
877 2387 1179 2451 corporibus
1208 2387 1445 2435 habitum
1472 2386 1633 2455 (eum)
1660 2387 1806 2435 dedit
1858 2388 1927 2435 H.
1948 2388 1975 2435 Ι
1997 2388 2062 2436 72
2090 2388 2291 2436 scelera

287 2470 522 2518 exercuit
561 2474 815 2533 conrupto
842 2508 852 2518 .
883 2510 893 2520 .
923 2509 932 2518 .
962 2471 1187 2531 Nerone,
1227 2471 1479 2533 quaedam
1521 2469 1704 2532 ignaro
1738 2470 1841 2538 (66)
1873 2486 2028 2518 66868
2091 2471 2227 2519 Α66.
2258 2472 2286 2518 I

287 2553 318 2601 5
355 2552 488 2601 talia
512 2552 835 2615 agitantibus
878 2553 989 2622 (iis)
1031 2569 1333 2615 gravescere
1373 2553 1619 2600 valetudo
1659 2551 1887 2615 Augusti
1955 2554 2013 2600 II
2041 2555 2105 2602 70
2142 2554 2291 2602 lenta

286 2635 456 2684 videri
487 2635 580 2704 (ei)
611 2635 892 2698 veneficia3
932 2635 1186 2684 festinare
1219 2635 1381 2704 (eum)
1414 2641 1465 2684 et
1490 2651 1673 2698 urgere
1705 2640 1765 2683 ut
1829 2636 1893 2684 82
1932 2636 1987 2682 16
2027 2641 2288 2685 extremas

290 2723 458 2768 terras
485 2719 775 2782 relegatum
804 2721 966 2788 (66111)
1009 2721 1086 2770 IV
1109 2722 1174 2770 60
1202 2737 1393 2784 gnarus
1420 2721 1775 2784 praeferocem
1790 2707 1938 2788 (611111
1964 2723 2100 2790 esse)
2137 2723 2282 2770 XIII

290 2801 356 2849 27
384 2817 512 2864 quos
541 2837 551 2848 .
583 2839 592 2849 .
624 2841 634 2851 .
662 2817 767 2849 non
792 2802 1039 2850 liberavit
1069 2804 1201 2868 (668)
1228 2803 1373 2850 velut
1399 2803 1608 2850 viuculo
1637 2803 1908 2851 servitutis
1935 2820 2039 2851 non
2066 2804 2283 2852 attineri

291 2884 394 2932 XV
426 2884 492 2932 20
531 2885 594 2931 (16
633 2900 720 2932 166
758 2890 1031 2933 censuerat
1069 2886 1340 2948 provincia
1377 2886 1533 2934 Creta
1570 2886 1937 2948 depellendum
1968 2888 2108 2952 (eum
2142 2891 2278 2954 esse)

291 2967 395 3014 and
420 2983 460 3015 6.
490 2968 520 3015 5
550 2975 600 3013 15
631 2967 730 3035 (id)
761 2968 994 3016 studium
1031 2985 1132 3031 quo
1184 2969 1248 3017 17
1275 2976 1328 3015 28
1359 2969 1492 3035 (608)
1522 2973 1767 3029 oratores,
1797 2985 1925 3031 quos
1975 2971 2039 3018 37
2067 2977 2119 3016 24
2146 2972 2278 3036 (eas)

290 3047 569 3110 orationes,
598 3050 908 3112 quas—On
932 3050 1023 3098 the
1051 3066 1081 3098 a
1106 3050 1316 3098 fortiori
1340 3066 1432 3097 use
1459 3049 1515 3097 of
1545 3050 1775 3111 ‘oratorj
1805 3051 1870 3099 61.
1899 3056 2021 3099 note
2048 3067 2087 3100 6.
2119 3053 2147 3099 1
2170 3059 2209 3099 6.

450 3143 687 3182 Andresen
726 3143 807 3183 has
844 3142 982 3194 justly
1022 3145 1289 3184 abandoned
1329 3145 1398 3184 his
1439 3146 1725 3185 emendation
1767 3150 1777 3170 ⁴
1793 3146 1955 3186 alium'
1999 3148 2043 3186 in
2079 3148 2203 3198 place
2239 3149 2289 3189 of

400 3214 411 3235 ‘
429 3211 590 3259 aliter‚'
616 3211 687 3251 for
708 3211 1017 3263 inconcinnity
1039 3213 1086 3252 61
1108 3213 1375 3253 correlation
1400 3214 1444 3252 in
1475 3214 1650 3254 Tacitus
1671 3215 1936 3255 constitutes
1958 3228 2017 3255 no
2045 3216 2285 3267 justifiable

396 3280 569 3331 ground
589 3279 661 3320 for
680 3280 981 3332 condemning
1001 3293 1058 3321 an
1082 3282 1314 3321 otherwise
1336 3282 1726 3332 unobjectionable
1750 3285 1935 3336 reading
1957 3286 2199 3335 supported
2224 3286 2286 3336 by

396 3349 471 3388 the
491 3350 761 3390 unanimous
781 3351 1023 3402 testimony
1044 3351 1092 3391 61
1117 3352 1192 3391 the
1218 3351 1343 3392 MSS.

357 3432 420 3480 11
462 3435 623 3483 armis
656 3435 977 3483 instructus·
1005 3465 1014 3474 ·
1043 3465 1052 3474 ·
1080 3434 1283 3483 artibus
1315 3437 1576 3483 armatus:
1631 3434 1783 3483 With
1826 3436 1915 3484 the
1960 3438 2283 3499 expression,

290 3515 355 3562 cf.
387 3515 503 3564 Sen.
531 3517 626 3579 Ep.
658 3517 773 3576 109,
801 3517 832 3564 8
870 3515 1125 3579 numquid
1164 3515 1452 3563 instructus
1482 3515 1722 3564 omnibus
1751 3518 1902 3566 rebus
1932 3519 2160 3580 agricola
2187 3558 2198 3568 .
2229 3559 2237 3567 .
2270 3559 2281 3568 .

290 3598 547 3662 numquid
571 3603 802 3647 armatus
829 3598 980 3647 miles
1002 3602 1255 3662 quantum
1283 3597 1337 3645 in
1364 3598 1528 3646 aciem
1555 3598 1761 3647 exituro
1789 3601 1917 3648 satis
1945 3607 2024 3649 est
2046 3640 2054 3648 .
2080 3640 2087 3648 .
2116 3641 2125 3649 .
2151 3603 2281 3651 satis
