2716 3964
462 230 569 283 200
1344 250 1549 293 1101118.

627 391 878 443 Quintilian
911 394 1049 445 styles
1082 394 1158 435 the
1193 406 1316 436 same
1352 395 1571 436 Corvinus
1604 397 1732 437 twice
1772 398 1940 438 nitidus
1977 398 2018 451 (Ι
2047 398 2086 449 7,
2119 399 2173 439 35
2205 400 2247 440 X
2279 400 2317 450 l,
2352 399 2450 456 113)
2546 421 2551 424 ·

570 462 716 502 which
751 463 981 503 Michaelis
1014 464 1233 514 proposed
1267 467 1315 504 to
1347 465 1586 505 substitute
1626 465 1697 506 for
1734 467 1912 516 ‘mitis‚'
1954 467 2036 507 but
2057 467 2102 507 in
2141 467 2254 508 view
2291 467 2340 508 of
2374 469 2453 509 the

568 532 875 581 promiscuous
894 544 972 572 use
989 532 1037 572 of
1057 533 1180 572 these
1196 533 1435 574 rhetorical
1452 534 1657 585 epithets‚
1678 535 1768 575 this
1783 535 1820 575 is
1835 539 1915 576 not
1936 536 2185 587 absolutely
2197 548 2447 589 necessary.

527 641 592 688 12
633 642 949 702 elaboratuS,
990 643 1048 690 of
1071 659 1305 706 persons,
1334 643 1379 692 is
1407 645 1723 709 apparently
1749 646 1915 694 found
1952 646 2076 710 only
2102 646 2227 695 here
2264 647 2370 696 and
2393 646 2451 696 in

455 723 562 771 late
602 724 762 772 Latin
798 740 838 773 e.
869 742 913 788 g.
944 727 1106 774 Macr.
1138 726 1243 774 Sat.
1286 727 1376 774 III
1415 727 1496 789 13,
1525 717 1711 777 5’“·011111
1748 727 2014 777 incederet
2051 722 2347 779 elaboratus
2384 730 2453 779 ad

456 807 875 870 speciem.—Cf.
908 808 1022 856 Sen.
1055 809 1230 858 Contr.
1261 809 1320 857 II
1359 810 1440 872 12,
1481 810 1511 859 8
1550 810 1656 859 fuit
1683 811 1937 860 Messalla
1962 811 2286 860 exactissimi
2311 812 2453 876 inge-

453 889 531 936 nii
558 890 772 952 quidem
797 890 853 938 in
879 891 1021 939 omni
1048 892 1343 940 studiorum
1369 897 1534 956 parte,
1563 893 1743 941 Latini
1768 894 1952 958 utique
1990 894 2245 943 sermonis
2282 895 2452 945 obser-

454 978 604 1020 vator
649 973 1088 1035 diligentissimus
1129 975 1232 1023 and
1266 980 1388 1023 note
1416 991 1456 1024 c.
1485 976 1549 1023 21
1577 978 2125 1027 37.—disertissimus
2163 993 2230 1026 sc.
2270 978 2449 1051 fueriss.

453 1055 563 1103 The
592 1055 796 1119 ellipsis
824 1056 883 1104 of
907 1072 938 1105 a
963 1057 1298 1121 subjunctive
1325 1058 1383 1106 of
1408 1057 1576 1106 ‘esse'
1612 1058 1669 1106 in
1695 1059 1920 1108 indirect
1947 1060 2219 1123 questions
2247 1060 2292 1109 is
2319 1077 2453 1110 com-

452 1155 589 1199 mon,
617 1139 712 1187 but
737 1139 829 1188 the
866 1140 1000 1204 perf.
1042 1140 1176 1205 subj.
1205 1140 1250 1189 is
1278 1158 1407 1206 very
1444 1142 1619 1206 rarely
1656 1142 1892 1191 omitted.
1969 1143 2048 1192 Cf.
2077 1144 2232 1206 Verg.
2260 1143 2392 1192 Aen.
2420 1145 2450 1193 Ι

451 1223 553 1270 517
582 1222 921 1285 speculantur
947 1223 1142 1284 amicti,
1161 1222 1166 1293 Ι
1184 1240 1316 1287 quae
1343 1224 1560 1273 fortuna
1583 1224 1702 1287 viri,
1725 1225 1898 1274 where
1924 1241 2002 1274 we
2028 1242 2164 1290 may,
2191 1226 2449 1289 however,

452 1308 563 1356 also
591 1308 786 1372 supply
811 1309 879 1357 sit
951 1309 1055 1359 Cic.
1087 1310 1150 1358 de
1180 1309 1283 1358 div.
1308 1310 1367 1357 II
1389 1311 1470 1371 68,
1490 1311 1589 1359 141
1612 1327 1804 1374 quaero
1829 1315 2005 1360 autem
2031 1327 2122 1360 cur
2147 1312 2451 1362 Alexandro

449 1395 560 1439 tam
598 1391 823 1440 inlustre
862 1392 1122 1440 somnium
1214 1394 1331 1442 Tac.
1373 1393 1510 1441 Ann.
1550 1394 1633 1442 XI
1671 1395 1737 1443 35
1788 1398 1901 1442 tum
1953 1394 2210 1458 quidquid
2247 1394 2450 1444 avitum

450 1474 751 1523 Neronibus
790 1479 843 1523 et
880 1476 1070 1524 Drusis
1102 1480 1192 1546 (sc.
1223 1476 1410 1542 fuerit)
1441 1476 1504 1549 in·
1533 1477 1763 1540 pretium
1789 1477 1967 1542 probri
1994 1477 2216 1526 cessisse
2253 1479 2357 1529 XV
2381 1480 2448 1528 49

450 1574 545 1607 1100
572 1562 751 1606 tamen
777 1558 934 1607 facile
961 1559 1375 1621 memoraverim,
1395 1559 1513 1623 quis
1540 1559 1740 1624 primus
1767 1565 1947 1609 auctor
1977 1565 2068 1630 (sc.
2096 1561 2283 1627 fuerit>
2301 1561 2448 1611 cuius

451 1641 708 1690 instinctu
751 1643 1014 1690 concitum
1041 1642 1126 1691 sit.
1203 1643 1294 1706 Cp.
1332 1642 1388 1690 in
1429 1643 1654 1706 general,
1685 1644 1737 1693 C.
1774 1644 2015 1705 Wetzell,
2057 1645 2138 1693 De
2175 1661 2273 1692 usu
2314 1645 2452 1694 verbi

449 1726 598 1772 subst.
634 1726 749 1775 Tac.
778 1742 826 1789 p.
857 1726 922 1773 48
940 1725 994 1775 ff.
1035 1726 1125 1774 Dr.
1154 1727 1222 1774 H.
1257 1726 1305 1775 S.
1358 1727 1386 1774 Ι
1411 1727 1514 1774 204
1534 1726 1588 1774 ff.
1633 1726 1734 1775 Stil
1768 1744 1815 1791 p.
1846 1728 1925 1776 18.

521 1808 585 1856 13
625 1809 870 1859 interim:
917 1808 1025 1857 ‘for
1073 1809 1164 1857 the
1215 1809 1811 1874 present.'——probasse
1842 1815 2142 1861 contentus:
2195 1819 2450 1861 contentus

423 1891 582 1942 .With
625 1891 890 1940 infinitive
932 1891 977 1940 is
1021 1892 1137 1941 first
1178 1893 1344 1941 found
1381 1892 1437 1940 in
1467 1892 1604 1942 Ovid
1633 1897 1695 1961 (e.
1727 1910 1772 1956 g.
1816 1894 1944 1942 Met.
1993 1894 2021 1941 I
2064 1895 2164 1942 461
2205 1895 2263 1942 II
2303 1894 2446 1960 638),

451 1974 663 2022 whence
709 1974 751 2022 it
795 1976 985 2038 passed
1020 1975 1133 2024 into
1159 1992 1326 2039 prose,
1353 1975 1513 2038 being
1537 1975 1824 2040 especially
1850 1992 2087 2024 common
2114 1977 2168 2024 in
2195 1977 2447 2039 Velleius,

450 2058 541 2105 the
577 2062 682 2106 two
724 2058 945 2107 Senecas
983 2046 1089 2107 and
1127 2059 1438 2117 Quintilian.
1514 2059 1580 2106 In
1618 2059 1830 2108 Tacitus
1869 2059 2040 2122 again,
2072 2075 2112 2108 0.
2141 2061 2208 2109 23
2238 2068 2264 2108 6
2301 2061 2368 2109 26
2393 2068 2448 2108 28

451 2142 554 2189 and
592 2142 660 2189 H.
691 2142 717 2188 Ι
744 2143 810 2190 36
848 2158 952 2190 11011
990 2142 1226 2191 contenti
1253 2180 1263 2191 .
1288 2180 1298 2191 .
1323 2180 1333 2191 .
1363 2142 1769 2191 circumdedisse
1800 2142 2046 2211 (omitted
2078 2143 2148 2207 by
2174 2144 2262 2192 Dr.
2293 2144 2362 2203 H.
2395 2142 2445 2192 S.

451 2225 509 2272 ΙΙ
536 2226 601 2273 37
607 2224 678 2289 9).
746 2224 958 2274 Similar
984 2226 1250 2290 examples
1278 2225 1334 2273 in
1361 2227 1478 2274 Tac.
1508 2226 1565 2274 of
1588 2225 1680 2274 the
1718 2241 1775 2274 so
1802 2226 1971 2274 called
1996 2227 2290 2290 perfectum
2322 2226 2450 2290 logi-

451 2324 567 2356 cum
607 2323 693 2356 are
733 2324 772 2356 0.
817 2309 882 2357 31
923 2316 977 2355 24
1015 2308 1222 2357 dedisse
1250 2347 1260 2357 .
1293 2347 1302 2357 .
1330 2347 1340 2358 .
1381 2308 1618 2373 proficiet
1678 2309 1774 2371 Ag.
1821 2310 1852 2358 3
1891 2309 2129 2372 pigebit.
2160 2347 2170 2358 .
2201 2347 2211 2357 .
2245 2325 2450 2374 compo-

451 2390 618 2439 suisse
671 2392 731 2440 G.
759 2393 826 2440 43
864 2392 1163 2440 nominasse
1203 2392 1426 2441 sufficiet
1487 2392 1557 2439 H.
1587 2392 1666 2441 IV
1692 2394 1721 2440 7
1726 2393 1756 2440 3
1794 2392 1981 2440 utilius
2020 2392 2090 2440 sit
2117 2431 2127 2440 .
2158 2431 2168 2441 .
2200 2430 2210 2441 .
2238 2392 2447 2442 audisse

451 2511 461 2522 .
558 2512 567 2521 .
617 2473 830 2522 dixisse.
873 2475 963 2538 Cp.
1006 2475 1097 2522 Dr.
1144 2476 1212 2523 H.
1259 2474 1308 2523 S.
1350 2475 1378 2522 I
1421 2475 1738 2523 256.--n0n
1770 2489 1878 2524 0880
1920 2490 2083 2524 unum
2115 2476 2448 2540 eloquentiae

450 2558 686 2607 vultum:
729 2557 807 2607 Cf.
838 2557 1014 2614 Quint.
1042 2558 1157 2606 XII
1196 2558 1277 2619 10,
1307 2559 1371 2607 69
1410 2557 1588 2621 plures
1620 2595 1630 2605 .
1661 2594 1671 2604 .
1702 2595 1712 2606 .
1754 2557 2086 2620 eloquentiae
2113 2557 2290 2606 facies.
2366 2557 2448 2608 On

450 2640 540 2687 the
567 2640 809 2703 thought,
838 2641 1085 2704 repeated
1109 2640 1242 2689 with
1279 2640 1531 2704 approval
1568 2640 1639 2704 by
1667 2640 1918 2688 Messalla
1948 2644 2009 2708 (c.
2039 2641 2105 2689 25
2136 2641 2203 2705 9),
2231 2640 2297 2690 cf.
2339 2641 2444 2691 Cic.

452 2723 514 2770 de
554 2727 680 2771 orat.
722 2724 812 2771 ΠΙ
850 2725 896 2784 9,
926 2725 992 2772 34
1035 2724 1198 2792 (cited
1234 2740 1274 2772 0.
1305 2724 1368 2772 18
1402 2723 1922 2788 8).—deprehendi:
1963 2722 2078 2771 ‘are
2106 2723 2303 2772 found!
2380 2723 2446 2772 So

451 2821 492 2854 0.
522 2806 587 2853 30
614 2814 667 2852 20
694 2806 759 2854 32
788 2814 839 2852 14
878 2806 943 2853 In
970 2823 1009 2855 0.
1039 2808 1070 2855 3
1102 2806 1228 2853 3=‘
1259 2822 1401 2855 came
1441 2805 1614 2869 upon.⁷
1667 2806 1731 2853 In
1770 2806 2044 2869 post-Aug.
2086 2806 2316 2868 authors,
2354 2806 2446 2856 the

451 2889 595 2936 word
632 2887 677 2936 is
716 2889 1011 2952 commonly
1036 2890 1168 2937 used
1205 2888 1541 2952 figuratively
1567 2888 1623 2935 in
1660 2888 1750 2936 the
1778 2904 1927 2936 sense
1968 2889 2025 2937 of
2075 2888 2445 2952 ‘intellegere,’

452 2986 577 3018 once
618 2970 674 3018 in
716 2971 820 3020 Cic.
863 2988 957 3035 pro
1000 2972 1136 3021 Cael.
1179 2973 1209 3021 6
1248 2975 1350 3020 ext.
1426 2970 1729 3034 Especially
1756 2970 2003 3034 frequent
2042 2971 2096 3018 in
2134 2970 2444 3029 Quintilian.

452 3054 519 3101 In
556 3054 770 3101 Tacitus
798 3070 837 3101 0.
868 3055 931 3102 18
958 3062 1011 3101 23
1050 3056 1115 3103 34
1144 3062 1192 3102 17
1232 3055 1301 3101 Η.
1331 3054 1410 3103 IV
1435 3055 1515 3102 86.
1593 3053 1688 3101 See
1715 3053 1954 3114 Bonnell,
1983 3054 2107 3124 Lex.
2138 3052 2313 3111 Quint.
2342 3054 2448 3102 and

453 3136 674 3184 Kleiber
700 3153 747 3199 p.
778 3138 857 3185 58.

523 3219 588 3267 15
628 3234 722 3268 nec
764 3221 946 3269 statim
988 3221 1217 3270 deterius
1249 3235 1357 3270 esse
1393 3220 1529 3284 quod
1561 3220 1825 3269 diversum
1857 3223 1957 3270 est:
2013 3221 2115 3268 For
2164 3235 2195 3268 a
2242 3218 2447 3268 similar

453 3301 754 3362 sentiment,
798 3302 863 3350 cf.
909 3303 1012 3352 Cic.
1060 3303 1123 3351 de
1164 3307 1293 3351 orat.
1338 3303 1396 3350 II
1445 3303 1527 3363 23,
1570 3303 1636 3351 94
1675 3302 2072 3363 Demosthenes,
2126 3301 2445 3366 Hyperides,

453 3386 739 3448 Lycurgus,
759 3385 1064 3445 Aeschines,
1085 3386 1380 3434 Dinarchus
1408 3423 1418 3433 .
1449 3423 1459 3433 .
1489 3423 1499 3433 .
1530 3384 1628 3433 etsi
1657 3384 1794 3432 inter
1821 3401 1875 3433 se
1902 3401 2053 3448 pares
2080 3401 2184 3432 non
2209 3385 2443 3445 fuerunt,

452 3471 630 3515 tamen
673 3483 850 3515 omnes
896 3472 1020 3515 sunt
1063 3468 1120 3515 in
1161 3469 1343 3516 eodem
1385 3467 1627 3516 veritatis
1669 3467 1955 3515 imitandae
2000 3483 2186 3530 genere
2231 3466 2442 3516 versati.

453 3550 600 3597 Brut.
631 3550 713 3611 56,
740 3550 842 3597 204
879 3554 1035 3613 atque
1074 3550 1130 3597 in
1166 3549 1249 3598 his
1288 3549 1580 3598 oratoribus
1620 3549 1754 3597 illud
1790 3549 2311 3597 animadvertendum
2347 3552 2443 3610 est,
