2716 3964
433 227 542 278 324
1315 243 1520 285 NOTEs.

501 386 569 435 27
607 387 709 436 fori
740 388 966 448 auditor,
1001 391 1228 438 sectator
1257 389 1574 439 iudiciorum
1612 389 1623 409 ²
1641 389 1698 437 in
1733 390 1824 439 the
1862 391 2051 452 forum,
2087 390 2144 438 in
2178 391 2271 441 the
2306 391 2428 442 law-

433 469 641 517 courts.'
714 470 817 517 For
854 485 884 518 a
921 469 1124 518 similar
1162 469 1424 533 objective
1464 471 1623 533 genit.
1653 473 1719 521 cf.
1749 488 1790 521 c.
1819 474 1884 522 37
1914 481 1963 522 17
2002 473 2204 522 ambitu
2228 474 2428 524 comiti-

432 567 581 599 orum
642 552 780 600 Ann.
811 553 870 599 II
897 553 963 601 34
1001 552 1258 600 ambitum
1296 552 1401 601 fori
1456 554 1545 601 ΙΙΙ
1572 556 1636 604 31
1688 557 1790 605 XV
1814 557 1880 604 25
1921 556 2102 620 Syriae
2141 557 2425 619 exsecutio,

431 635 606 683 where
646 651 730 683 see
768 636 819 683 N
823 635 928 699 ipp.
985 636 1088 685 Cic.
1117 651 1212 699 pro
1238 635 1408 685 Flacc.
1438 637 1546 698 2,·5
1573 639 1770 706 >Cretae
1809 639 1944 688 vitia
2002 655 2097 703 pro
2125 640 2256 689 Sest.
2284 641 2332 702 5,
2360 642 2426 691 13

433 723 715 782 quaestura
740 718 1081 767 Macedoniae
1142 720 1209 767 ad
1235 719 1412 776 Quint.
1442 711 1621 769 frath
1649 722 1697 773 1.
1722 722 1789 771 25
1827 722 2077 770 itinerum
2103 727 2260 787 atque
2286 739 2428 787 agro·

431 817 549 849 rum
575 802 732 850 furta.
809 802 900 865 Cp.
930 802 1041 850 also
1067 803 1158 850 Dr.
1188 803 1257 850 H.
1283 802 1332 850 S.
1363 803 1391 850 I
1416 803 1517 852 468
1539 803 1576 851 f.
1617 802 1719 850 Stil
1755 820 1803 866 p.
1832 804 1896 852 31
1918 804 1956 852 f.

500 885 566 932 28
608 885 802 934 alienis
831 886 1206 948 experimentis
1232 885 1244 904 ‘
1261 885 1331 949 by
1356 885 1447 934 the
1474 887 1782 950 experience
1810 888 2027 936 derived
2051 888 2188 936 from
2215 889 2425 938 others!

432 967 542 1015 The
582 983 723 1016 same
761 968 952 1032 phrase
990 984 1171 1016 occurs
1204 968 1261 1015 in
1291 970 1409 1017 Tac.
1439 970 1534 1031 Ag.
1566 970 1630 1018 19
1669 971 1852 1018 doctus
1891 987 1985 1035 per
2022 971 2196 1020 aliena
2231 972 2430 1037 experi-

431 1055 623 1099 menta.
701 1051 780 1100 Cf.
810 1056 931 1099 note
959 1067 999 1101 c.
1028 1052 1094 1100 29
1123 1060 1188 1099 17.

501 1135 567 1183 29
606 1136 665 1183 in
696 1135 891 1185 oculis:
945 1135 1010 1183 So
1038 1135 1105 1182 H.
1135 1135 1163 1182 I
1190 1136 1256 1184 37
1308 1135 1367 1182 II
1394 1137 1460 1185 35
1510 1136 1590 1186 IV
1615 1139 1680 1185 77
1731 1137 1868 1185 Ann.
1898 1138 1989 1185 III
2014 1138 2095 1186 29.

501 1218 567 1267 30
607 1219 791 1281 populi
823 1233 974 1268 aures
1000 1218 1012 1238 ³
1028 1218 1165 1266 likes
1195 1219 1300 1266 and
1325 1218 1579 1267 dislikes.'
1643 1237 1793 1268 aures
1818 1219 1863 1268 is
1890 1220 2138 1283 frequent
2163 1220 2220 1268 in
2243 1221 2335 1270 the
2361 1222 2426 1271 D.

432 1301 489 1348 in
513 1301 605 1349 the
633 1317 783 1350 sense
810 1301 867 1349 of
892 1300 903 1320 ²
922 1301 1154 1364 opinion,
1182 1301 1476 1365 judgment,
1503 1302 1675 1350 taste.'
1733 1303 1812 1352 of.
1842 1318 1882 1351 c.
1913 1304 1943 1352 9
1976 1311 2001 1350 5
2038 1304 2103 1352 19
2135 1311 2251 1352 8.·23
2287 1305 2352 1353 21
2376 1313 2427 1353 11

432 1400 475 1432 a.
517 1384 769 1432 iudicium
828 1386 895 1434 27
921 1392 975 1431 28
1036 1386 1102 1433 34
1130 1392 1182 1431 16
1219 1384 1387 1448 ipsius
1426 1385 1610 1449 populi
1647 1401 1690 1434 a.
1732 1387 1835 1434 and
1872 1402 1928 1435 so
1967 1387 2037 1434 H.
2068 1387 2096 1434 I
2135 1388 2200 1436 90
2243 1391 2428 1456 (genus

433 1467 639 1532 orandi)
670 1468 851 1515 crebro
877 1467 982 1515 fori
1006 1483 1106 1515 usu
1132 1466 1334 1515 celebre
1362 1471 1415 1515 et
1441 1468 1508 1516 ad
1533 1467 1827 1531 implendas
1855 1469 2039 1532 populi
2073 1485 2224 1518 aures
2261 1470 2430 1519 latum

433 1550 569 1598 Ann.
600 1551 745 1598 XIII
771 1552 803 1599 3
841 1549 1112 1612 ingenium
1141 1590 1150 1599 .
1181 1588 1190 1598 .
1223 1588 1232 1598 .
1262 1550 1516 1614 temporis
1555 1550 1665 1599 eius
1705 1551 1918 1600 auribus
1958 1552 2425 1602 adcommodatum.

431 1635 905 1683 —accusationem
946 1637 1272 1696 susceperat:
1337 1633 1416 1683 Cf.
1458 1634 1572 1681 Liv.
1614 1635 1763 1683 XLV
1800 1636 1865 1683 37
1907 1635 2013 1683 Ser.
2057 1636 2226 1685 Galba
2266 1635 2323 1684 in
2366 1637 2424 1686 L.

433 1717 621 1764 Paullo
666 1717 957 1765 accusando
1000 1716 1306 1765 tirocinium
1349 1733 1543 1780 ponere
1588 1721 1640 1765 et
1685 1718 2054 1766 documentum
2097 1719 2428 1783 eloquentiae

433 1801 556 1848 dare
599 1800 768 1848 voluit
841 1800 945 1850 Cic.
986 1816 1080 1864 pro
1120 1800 1258 1849 Cael.
1300 1800 1381 1860 30,
1417 1801 1481 1849 73
1525 1800 1695 1848 voluit
1738 1805 1914 1849 vetere
1958 1801 2206 1850 instituto
2249 1818 2429 1851 eorum

432 1883 848 1932 adulescentium
894 1883 1132 1946 exemplo
1177 1883 1268 1946 qui
1312 1887 1432 1946 post
1475 1882 1531 1930 in
1574 1883 1790 1931 civitate
1961 1885 2243 1933 clarissimi
2286 1885 2427 1935 cives

432 1967 768 2027 exstiterunt,
799 1966 1117 2014 industriam
1157 1982 1302 2014 suam
1342 1982 1372 2014 a
1408 1966 1601 2029 populo
1640 1967 1875 2015 Romano
1913 1983 1978 2015 ex
2015 1967 2193 2031 aliqua
2229 1967 2428 2017 illustri

432 2050 763 2098 accusatione
802 2048 1056 2111 cognosci.
1122 2049 1301 2098 While
1333 2065 1364 2097 a
1393 2049 1684 2097 successful
1722 2050 1937 2098 defence
1974 2066 2081 2099 was
2120 2051 2429 2100 considered.

431 2149 572 2181 more
601 2132 838 2193 difficult,
866 2148 934 2180 an
968 2132 1270 2180 accusation
1302 2147 1410 2180 was
1448 2136 1539 2194 apt
1576 2137 1631 2179 to
1667 2132 1730 2180 be
1768 2134 2019 2181 attended
2054 2133 2186 2182 with
2222 2138 2428 2197 greater

431 2233 656 2264 renown.
736 2216 830 2264 See
869 2216 1046 2273 Quint.
1075 2216 1124 2265 V
1161 2216 1241 2276 13,
1281 2216 1312 2264 3
1363 2215 1783 2263 accusationibus
1833 2216 1993 2264 etiam
2041 2217 2328 2266 mediocres
2371 2217 2428 2266 in

431 2300 652 2348 dicendo
692 2299 1028 2360 suffecerunt,
1056 2299 1222 2347 bonus
1262 2298 1507 2346 defensor
1536 2315 1688 2347 nemo
1714 2298 1820 2346 nisi
1847 2299 1938 2362 qui
1964 2300 2426 2364 eloquentissimus

430 2382 550 2430 fuit.
590 2398 727 2443 nam,
755 2386 814 2430 ut
853 2382 994 2445 quod
1031 2381 1217 2442 sentio,
1248 2381 1411 2429 semel
1448 2380 1643 2440 finiam,
1682 2386 1832 2430 tanto
1872 2386 1952 2430 est
1991 2392 2232 2432 accusare
2271 2399 2427 2447 quam

431 2466 731 2527 defendere,
756 2470 953 2529 quanto
991 2465 1165 2513 facere
1201 2478 1358 2528 quam
1384 2480 1568 2512 sanare
1593 2464 1814 2512 vulnera
1838 2465 2050 2514 facilius
2099 2467 2213 2514 XII
2239 2469 2287 2528 7,
2309 2467 2423 2516 1-3.

430 2550 639 2612 Among
663 2550 754 2597 the
782 2549 1030 2612 speeches
1058 2549 1115 2596 of
1140 2548 1337 2609 Cicero,
1364 2548 1513 2596 there
1539 2563 1625 2596 are
1652 2548 1747 2596 but
1773 2548 1876 2596 few
1904 2548 1914 2567 ‘
1932 2549 2324 2598 accusationes!

499 2634 563 2681 31
605 2634 744 2682 solus
767 2664 774 2672 -
805 2665 812 2672 -
841 2665 849 2673 ·
878 2636 929 2682 et
959 2647 1121 2682 unus:
1163 2633 1302 2679 Unus
1328 2631 1385 2678 in
1410 2631 1561 2679 other
1586 2631 1793 2679 writers
1821 2647 1987 2680 seems
2015 2633 2210 2696 always
2235 2637 2291 2681 to
2315 2649 2429 2696 pre-

431 2717 570 2776 cede,
615 2716 768 2763 when
816 2715 998 2779 joined
1042 2715 1173 2763 with
1217 2714 1424 2763 ‘solus'
1501 2714 1579 2763 Cf.
1611 2714 1713 2763 Cic.
1744 2714 1800 2761 in
1825 2715 1931 2763 Pis.
1960 2716 2043 2775 40,
2071 2717 2136 2765 96
2174 2720 2226 2764 te
2262 2733 2427 2764 unum

431 2799 599 2847 solum
660 2815 754 2862 pro
788 2798 919 2846 Sest.
951 2799 1032 2859 62,
1061 2798 1161 2846 130
1223 2797 1279 2844 in
1305 2798 1450 2846 Verr.
1482 2798 1539 2844 Π
1576 2797 1623 2857 2,
1652 2798 1699 2857 5,
1728 2798 1808 2846 13.
1838 2799 1918 2858 75,
1948 2798 2047 2847 185
2109 2799 2238 2847 Hor.
2268 2800 2363 2862 Ep.
2397 2800 2425 2847 I

430 2884 477 2942 6,
506 2883 534 2929 1
574 2898 679 2930 una
717 2920 726 2929 .
769 2920 778 2929 .
821 2919 830 2929 .
872 2882 1086 2944 solaque
1148 2880 1286 2928 Plin.
1317 2881 1443 2928 Pan.
1474 2882 1538 2928 76
1576 2896 1712 2927 unus
1751 2880 2011 2944 solusque.
2090 2882 2180 2945 Cp.
2221 2886 2342 2930 note
2380 2898 2422 2932 c.

430 2967 494 3014 17
524 2972 588 3013 13.

500 3049 565 3096 32
605 3062 741 3097 nono
774 3049 1004 3097 decimo·
1032 3079 1039 3087 -
1069 3079 1077 3087 ·
1106 3048 1162 3097 L.
1188 3048 1400 3096 Crassus
1432 3047 1481 3096 G.
1508 3046 1816 3096 Carbonem:
1864 3047 1942 3095 Of.
1967 3047 2070 3096 Cic.
2094 3048 2157 3095 de
2184 3052 2312 3096 orat.
2335 3048 2424 3096 ΙΙΙ

429 3133 510 3192 20,
541 3132 607 3180 74
648 3130 843 3193 quippe
885 3130 975 3193 qui
1015 3129 1249 3178 omnium
1291 3128 1599 3177 maturrime
1645 3129 1712 3176 ad
1754 3129 1990 3191 publicas
2035 3146 2216 3179 causas
2261 3146 2426 3179 acces-

430 3214 587 3262 serim
626 3229 894 3275 annosque
932 3217 1086 3261 natus
1127 3230 1290 3260 unum
1330 3221 1378 3260 et
1415 3212 1603 3275 viqinti
1640 3211 2027 3260 nobilissimum
2065 3213 2330 3261 hominem
2370 3218 2424 3262 et

430 3297 920 3360 eloquentissimum
955 3295 1012 3343 in
1047 3295 1301 3343 iudicium
1326 3311 1567 3343 vocarem
1621 3295 1683 3342 de
1711 3294 1796 3342 off.
1826 3296 1883 3342 II
1910 3297 1990 3356 13,
2018 3297 2084 3345 47
2124 3297 2181 3344 L.
2210 3296 2423 3360 quidem

430 3381 663 3438 Crassus,
705 3396 823 3428 cum
866 3383 1005 3426 esset
1048 3379 1327 3427 admodum
1371 3377 1678 3426 adulescens
1722 3378 1888 3444 (Brut.
1913 3380 1994 3439 43,
2024 3379 2146 3443 159)
2320 3379 2422 3428 sibi

429 3464 541 3527 ipse
580 3462 787 3527 peperit
825 3478 1124 3509 maxumam
1161 3461 1371 3509 laudem
1410 3477 1474 3508 ex
1512 3460 1607 3508 illa
1642 3460 1971 3508 accusatione
2001 3461 2165 3509 nobili
2192 3466 2244 3510 et
2270 3461 2422 3524 glori—

429 3563 533 3607 osa,
587 3551 654 3607 et,
707 3561 810 3608 qua
858 3549 1030 3592 aetate
1081 3544 1172 3606 qui
1222 3547 1547 3604 exercentur,
1597 3543 1750 3590 laude
1804 3543 1957 3591 adfici
2013 3544 2197 3605 solent,
2248 3549 2308 3592 ut
2356 3545 2419 3593 de
