2716 3964
392 268 500 320 320
1286 284 1490 326 Norsss.

391 428 635 478 Clodium
660 433 993 493 praesentem
1019 429 1156 492 fregi
1183 429 1240 477 in
1265 434 1454 478 senatu
1479 446 1596 479 cum
1626 430 1862 479 oratione
1900 435 2168 495 perpetua,
2197 430 2390 495 plenis-

391 512 525 560 sima
561 512 854 575 gravitatiS,
885 516 1000 560 tum
1037 512 1395 561 altercatione.
1473 513 1583 562 The
1620 518 1795 562 orator
1833 514 2052 564 Crassus
2086 513 2132 563 is
2167 513 2284 563 said
2317 514 2389 579 by

392 595 573 644 Cicero
598 595 656 643 in
680 595 828 644 Brut.
851 596 934 656 43,
963 596 1063 644 159
1101 599 1156 644 130
1187 596 1321 644 have
1359 595 1466 644 had
1501 612 1568 645 no
1606 596 1762 660 equal
1792 596 1849 644 in
1872 596 1981 645 this
2008 596 2162 645 field:
2201 596 2306 646 iam
2331 596 2389 645 in

390 678 691 727 altercando
717 677 925 726 invenit
950 694 1131 742 parem
1157 678 1435 727 neminem.
1493 665 1721 742 'baffia
1747 679 1967 728 because
1993 680 2144 728 these
2170 695 2390 729 encoun-

389 765 498 810 ters
538 761 705 825 easily
729 761 818 810 led
841 766 897 810 to
922 761 1168 825 personal
1205 762 1380 810 abuse.
1454 762 1534 812 Cf.
1564 762 1741 820 Quint.
1769 763 1802 810 l.
1827 779 1867 812 c.
1895 762 2186 827 asperrima
2209 762 2266 810 in
2290 763 2389 812 hac

389 849 539 909 parte
578 844 847 893 dimicatio
885 848 981 906 est,
1009 861 1105 894 nec
1143 844 1273 893 alibi
1310 845 1509 893 dixeris
1547 845 1713 908 magis
1752 862 1997 895 mucrone
2026 845 2267 910 pugnari,
2292 846 2389 895 but

389 928 455 976 he
481 929 610 976 adds
638 927 650 947 ³
666 928 833 976 bonus
861 928 1144 977 altercator
1168 928 1301 977 vitio
1327 928 1631 978 iracundiae
1657 933 1830 977 careat
1857 967 1866 977 .
1897 967 1907 977 .
1938 967 1947 977 .
1976 945 2041 978 116
2066 929 2309 982 turbidus
2334 932 2389 978 et

390 1011 649 1060 clamosus
687 1015 897 1060 tantum
935 1011 1006 1059 sit
1043 1011 1576 1060 altercator.—Both
1611 1027 1780 1060 nouns
1818 1028 1906 1060 are
1944 1012 2111 1060 found
2146 1012 2390 1075 together

389 1094 446 1142 in
485 1095 624 1142 Suet.
650 1094 762 1142 Tib.
790 1094 822 1141 2
860 1094 1105 1142 nonnulli
1145 1094 1203 1142 in
1242 1094 1583 1143 altercatione
1624 1099 1677 1143 et
1721 1094 1890 1158 iurgio
1932 1095 2173 1143 tribunos
2216 1094 2387 1159 plebis

388 1178 924 1242 pulsaverint—On
966 1178 1058 1226 the
1102 1178 1389 1242 repetition
1433 1177 2090 1239 ‘interesse—interesset?
2135 1194 2221 1227 866
2263 1182 2388 1228 110136

388 1277 429 1310 c.
460 1261 488 1308 1
522 1269 560 1308 8.

459 1347 489 1394 7
528 1348 588 1394 ut
618 1345 693 1394 sic
725 1345 978 1394 dixerim:
1024 1344 1325 1407 According
1348 1348 1404 1392 to
1430 1344 1698 1394 Woelfflin
1722 1345 1916 1392 Philol.
1945 1345 2134 1394 XXVI
2160 1345 2260 1394 139
2294 1344 2387 1393 the

388 1428 630 1476 classical
657 1427 667 1447 ‘
683 1432 744 1476 ut
769 1427 847 1476 ita
872 1428 1076 1489 dicam,'
1098 1428 1451 1492 occasionally
1476 1428 1644 1476 found
1669 1428 1725 1475 in
1754 1428 1923 1476 Silver
1950 1428 2123 1489 Latin,
2144 1427 2271 1476 took
2293 1427 2387 1477 the

387 1512 527 1560 form
548 1511 633 1559 ‘ut
660 1511 734 1560 sic
761 1511 959 1559 dicam'
988 1528 1045 1559 or
1072 1511 1158 1560 ‘ut
1183 1511 1262 1560 ita
1287 1511 1513 1560 dixerim
1529 1511 1541 1535 '
1567 1511 1743 1560 which
1768 1511 1824 1559 in
1849 1516 1973 1559 turn
1998 1527 2104 1559 was
2131 1511 2388 1576 probably

388 1596 488 1643 due
531 1599 588 1643 to
630 1610 661 1643 a
704 1595 984 1643 confusion
1033 1594 1167 1643 with
1210 1594 1299 1643 ‘ut
1347 1594 1607 1654 dixerim,'
1653 1610 1709 1643 as
1759 1594 1920 1658 Nipp.
1964 1594 2101 1642 Ann.
2144 1595 2279 1645 XIV
2319 1595 2387 1644 53

388 1682 643 1741 suggests.
718 1678 860 1726 Both
903 1678 1068 1727 forms
1109 1694 1246 1727 were
1290 1678 1420 1726 then
1464 1678 1737 1727 combined
1780 1677 1836 1725 in
1877 1677 1965 1726 ‘ut
2009 1677 2083 1726 810
2127 1677 2385 1726 dixerim.'

389 1762 517 1810 This
556 1762 919 1810 construction
952 1762 997 1810 is
1029 1758 1258 1825 perhaps
1284 1761 1401 1810 first
1426 1766 1534 1810 met
1559 1761 1690 1810 With
1717 1761 1773 1808 in
1798 1761 1912 1811 Val.
1942 1762 2082 1809 Max.
2105 1761 2184 1810 VI
2209 1762 2240 1809 2
2267 1761 2384 1810 init.

387 1846 492 1894 and
529 1845 573 1893 is
613 1845 901 1909 especially
938 1845 1333 1894 characteristic
1370 1845 1427 1893 of
1462 1845 1674 1894 Tacitus
1713 1845 1818 1893 and
1854 1844 2163 1902 Quintilian.
2233 1844 2313 1895 Cf.
2342 1860 2384 1894 0.

387 1920 453 1977 40
482 1937 534 1976 19
584 1928 680 1991 Ag.
705 1930 736 1977 3
789 1929 849 1978 G.
873 1929 904 1976 2
955 1928 1093 1977 Ann.
1115 1930 1250 1979 XIV
1275 1929 1342 1978 53
1394 1928 1568 1986 Quint.
1592 1929 1677 1976 Pr.
1707 1929 1788 1977 23.
1819 1929 1846 1975 Ι
1874 1929 1920 1989 6,
1948 1928 1993 1976 1.
2024 1928 2105 1989 12,
2132 1928 2164 1976 2
2216 1928 2276 1976 II
2302 1928 2384 1990 13,

388 2014 418 2061 9
468 2013 517 2062 V
543 2013 624 2073 13,
669 2015 716 2062 2.
741 2015 806 2062 11
846 2015 929 2061 1Χ
955 2015 1003 2074 4,
1027 2014 1091 2061 61
1130 2014 1208 2062 VI
1234 2015 1282 2075 3,
1305 2015 1370 2062 93
1413 2011 1551 2060 Plin.
1580 2012 1707 2060 Pan.
1737 2012 1817 2059 42.
1836 2012 2033 2059 —The
2058 2011 2251 2074 logical
2274 2027 2388 2075 per-

387 2096 496 2143 fect
541 2095 673 2159 subj.
717 2094 774 2142 in
818 2094 1158 2143 subordinate
1202 2095 1406 2144 clauses
1450 2095 1495 2143 is
1539 2111 1668 2158 very
1710 2111 1824 2143 rare
1869 2095 1973 2143 and
2015 2094 2207 2158 chiefly
2249 2098 2388 2158 post-

388 2178 681 2241 Augustan.
747 2178 825 2227 Cf.
856 2178 960 2228 Cic.
990 2178 1129 2226 Phil.
1159 2179 1293 2228 XIV
1319 2180 1364 2239 6,
1388 2181 1418 2227 7
1469 2178 1583 2226 Liv.
1607 2178 1748 2227 VIII
1775 2179 1856 2239 18,
1884 2179 1916 2227 3
1966 2177 2142 2235 Quint.
2170 2179 2223 2226 X
2249 2178 2296 2239 1,
2319 2180 2385 2228 77

387 2262 526 2309 Plin.
567 2262 663 2325 Ep.
704 2262 752 2310 V
789 2262 835 2321 1,
876 2262 940 2309 10
983 2262 1087 2310 and
1124 2263 1243 2310 Tac.
1286 2262 1354 2309 H.
1397 2262 1456 2309 II
1494 2262 1559 2309 50
1622 2262 1670 2311 V
1697 2264 1726 2310 7
1787 2261 1924 2309 Ann.
1947 2261 2026 2310 VI
2052 2261 2132 2309 22.
2209 2261 2299 2325 Cp.
2329 2261 2387 2309 in

388 2347 615 2410 general,
643 2347 910 2396 Woelfflin
935 2347 968 2395 l.
999 2363 1038 2396 c.
1080 2348 1169 2395 Dr.
1199 2349 1268 2395 H.
1296 2347 1345 2396 S.
1379 2348 1437 2394 II
1464 2349 1564 2396 699
1607 2346 1709 2395 Stil
1744 2363 1791 2410 p.
1822 2347 1887 2396 13
1928 2346 2215 2408 Gantrelle,
2247 2346 2387 2410 Style

392 2434 414 2487 ἓ
444 2434 508 2480 77
562 2431 800 2479 Schmalz
842 2430 1041 2494 Syntaoe
1078 2448 1127 2494 p.
1157 2432 1256 2479 518
1319 2432 1378 2479 E.
1408 2431 1573 2479 Wolff
1608 2431 1711 2478 Dic
1751 2430 1973 2493 Sprache
2010 2432 2055 2478 d.
2091 2431 2205 2478 Tac.
2240 2446 2289 2493 p.
2317 2430 2386 2478 24

388 2516 439 2563 J.
470 2515 527 2562 P.
558 2515 857 2576 Lagergren
883 2516 963 2562 De
990 2552 999 2562 .
1031 2552 1040 2562 .
1072 2552 1081 2562 .
1112 2515 1278 2562 elocut.
1311 2514 1360 2562 C.
1384 2514 1574 2574 Plinii,
1604 2513 1808 2577 Upsala
1833 2514 1968 2562 1872
1994 2530 2043 2577 p.
2068 2514 2167 2562 168
2218 2513 2381 2578 Nipp.

387 2598 491 2645 and
517 2599 799 2645 Furneaux
827 2598 894 2645 ad
919 2597 1057 2647 Ann.
1085 2598 1219 2646 XIV
1243 2598 1323 2646 53.
2139 2620 2146 2628 ι’

457 2681 487 2728 8
527 2695 765 2744 pugnare
803 2681 861 2729 in
902 2681 1132 2743 proelio:
1197 2681 1409 2729 Tacitus
1454 2680 1635 2728 avoids
1679 2680 1769 2728 the
1813 2680 1981 2742 figura
2021 2678 2384 2743 etymologica,

388 2780 456 2811 011
480 2763 656 2811 Which
682 2779 768 2811 see
795 2779 835 2811 0.
865 2763 930 2810 22
959 2769 1024 2810 17.
1044 2794 1113 2799 —
1130 2764 1461 2812 constantiae
1487 2762 1497 2782 ³
1518 2762 1974 2825 sels-possession!
2040 2763 2188 2811 Used
2212 2762 2271 2811 of
2293 2762 2386 2811 the

388 2851 563 2894 orator
590 2862 630 2894 e.
657 2863 701 2908 g.
729 2846 799 2909 by
825 2846 1016 2894 Ascon.
1047 2845 1103 2893 in
1128 2846 1315 2894 Milon.
1345 2862 1393 2909 p.
1422 2846 1503 2893 42.
1536 2845 1638 2905 Or„
1667 2844 1808 2893 cited
1833 2860 1871 2892 0.
1902 2846 1968 2893 37
1994 2852 2062 2894 27.

459 2930 524 2978 10
564 2930 622 2978 in
652 2930 826 2979 media
857 2930 1000 2979 luce:
1053 2929 1146 2976 ‘In
1180 2929 1271 2977 the
1310 2928 1413 2976 full
1450 2928 1588 2990 light
1625 2928 1682 2975 of
1717 2928 2012 2992 publicity.'
2073 2927 2124 2976 A
2148 2944 2386 2977 common

389 3013 679 3076 metaphor.
756 3013 836 3062 Cf.
866 3028 906 3060 e.
932 3029 975 3074 g.
1007 3012 1112 3062 Cic.
1141 3013 1289 3060 Brut.
1318 3012 1365 3072 8,
1394 3012 1459 3061 32
1510 3010 1711 3059 forensi
1758 3011 1873 3059 luce
1923 3011 2093 3060 caruit
2142 3011 2385 3075 intraque

388 3096 619 3160 parietes
659 3095 793 3143 aluit
830 3111 944 3143 eam
982 3095 1217 3158 gloriam,
1247 3111 1403 3158 quam
1441 3110 1594 3143 nemo
1621 3132 1630 3142 .
1662 3132 1672 3142 .
1703 3132 1712 3142 .
1742 3098 1822 3142 est
1856 3099 2041 3157 postea
2076 3098 2384 3143 consecutus

389 3180 452 3227 de
481 3195 587 3227 sen.
616 3180 664 3239 4,
694 3179 759 3226 12
822 3178 998 3235 Quint.
1029 3179 1056 3226 I
1083 3179 1130 3239 2,
1159 3179 1224 3227 18
1264 3182 1386 3226 611136
1424 3177 1600 3227 01111116
1636 3177 1847 3226 futurus
1885 3182 2060 3226 orator
2097 3177 2182 3226 cui
2209 3215 2219 3225 .
2249 3215 2259 3226 .
2289 3215 2299 3225 .
2329 3177 2386 3225 in

389 3262 563 3310 media
599 3261 676 3310 rei
713 3261 955 3325 publicae
992 3261 1108 3309 luce
1138 3261 1425 3309 vivendum
1463 3265 1559 3321 est,
1587 3261 1863 3309 adsuescat
1888 3298 1898 3308 .
1930 3298 1939 3308 .
1969 3299 1978 3308 .
2008 3277 2114 3309 non
2151 3259 2387 3309 reformi-

390 3346 514 3393 dare
540 3344 780 3392 homines
806 3360 976 3407 neque
1003 3344 1098 3392 illa
1123 3344 1362 3392 solitaria
1387 3348 1440 3392 et
1465 3344 1612 3391 velut
1637 3343 1929 3391 umbratica
1953 3343 2068 3391 vita
2098 3343 2384 3407 pallescere

390 3429 504 3476 XII
530 3429 577 3488 2,
606 3428 636 3476 8
675 3427 732 3474 in
757 3427 854 3475 hac
881 3427 986 3474 fori
1011 3427 1127 3475 luce
1166 3428 1270 3475 and
1307 3427 1568 3490 similarly
1596 3426 1700 3475 Cic.
1730 3427 1792 3474 de
1818 3426 1917 3488 leg.
1946 3427 2037 3474 III
2064 3428 2111 3487 6,
2139 3427 2205 3474 14
2235 3425 2388 3474 mira-

389 3511 571 3559 biliter
612 3509 905 3559 doctrinam
946 3525 1011 3557 ex
1050 3509 1370 3558 umbraculis
1414 3509 1739 3557 eruditorum
1782 3524 1887 3556 non
1929 3509 2081 3557 modo
2124 3508 2179 3556 in
2222 3508 2386 3557 solem

392 3598 549 3656 atque
576 3593 633 3640 in
662 3593 935 3657 pulverem
974 3590 1082 3640 sed*
1103 3592 1158 3639 in
1196 3592 1371 3655 ipsum
1408 3591 1692 3640 discrimen
1729 3591 1997 3654 aciemque
2034 3590 2388 3654 produxit.—
