2716 3964
464 205 573 258 242
1258 252 1261 253 γ
1352 218 1552 260 No'rns

461 363 884 428 representation
909 381 977 413 on
1002 364 1093 413 the
1131 368 1254 428 part
1279 364 1337 411 of
1372 363 1530 427 Aper.
1609 363 1703 412 See
1741 363 1967 414 Cicero's
1997 381 2116 413 own
2153 370 2461 430 statement,-

461 448 610 496 Brut.
639 449 721 508 93,
749 447 850 496 322
877 462 1030 495 nemo
1056 446 1148 510 qui
1175 447 1243 494 ad
1280 445 1606 494 iracundiam
1630 462 1820 509 magno
1845 463 2000 510 opere
2038 447 2279 509 iudicem,
2305 464 2458 498 nemo

461 530 553 594 qui
591 530 658 578 ad
693 530 875 578 fletum
901 534 1080 593 posset
1106 529 1378 590 adducere,
1405 544 1558 577 nemo
1584 529 1676 593 qui
1712 529 1947 578 animum
1977 529 2105 591 eiuS,
2133 531 2272 594 quod
2294 547 2459 581 unum

461 617 543 662 est
570 612 791 661 oratoris
818 612 1045 660 maxime
1070 611 1358 675 proprium,
1387 627 1715 682 quocumque
1741 627 1823 660 res
1850 612 2158 676 postularet,
2186 612 2458 677 impellere

463 696 604 746 Orat.
634 697 716 757 37,
745 696 845 744 129
872 711 1060 758 magno
1088 710 1293 758 semper
1318 693 1403 742 usi
1441 694 1658 759 impetu,
1687 709 1842 758 saepe
1868 695 2197 744 adversarios
2224 696 2288 745 de
2313 700 2460 746 statu

461 778 603 827 omni
629 777 912 827 deiecimus
940 816 950 826 .
981 816 991 826 .
1022 816 1031 826 .
1064 777 1193 841 quid
1229 793 1323 840 ego
1361 778 1425 825 de
1451 776 1876 826 miserationibus
1914 777 2100 841 loquar
2118 779 2143 826 ?
2182 778 2371 842 quibus
2398 795 2459 828 eo

433 878 576 922 ‚sum
610 877 736 910 usus
775 861 1031 924 pluribus,
1060 860 1214 924 quod,
1243 860 1405 908 etiam
1442 859 1488 908 si
1525 859 1702 924 plures
1730 860 2046 921 dicebamus,
2073 861 2460 924 perorationem

460 945 593 993 mihi
631 949 811 993 tamen
849 959 1030 992 omnes
1070 943 1456 1007 relinquebant,
1484 943 1540 990 in
1578 960 1680 1007 quo
1714 948 1773 992 ut
1806 943 2015 992 viderer
2055 944 2313 993 excellere
2353 961 2460 993 non

461 1028 674 1091 ingenio
712 1028 805 1076 sed
844 1028 1023 1076 dolore
1063 1027 1387 1090 adsequebar
1428 1042 1560 1090 quae
1593 1065 1603 1074 .
1634 1064 1644 1074 .
1674 1065 1683 1075 .
1719 1031 1975 1090 apparent
2018 1026 2075 1074 in
2117 1027 2458 1090 orationibus,

461 1110 563 1160 etsi
600 1114 781 1160 carent
817 1110 943 1158 libri
981 1109 1174 1174 spiritu
1212 1109 1306 1158 illo
1343 1114 1558 1174 propter
1594 1125 1748 1174 quem
1774 1109 1975 1158 maiora
2000 1110 2181 1158 eadem
2218 1109 2315 1159 illa
2341 1126 2460 1159 cum

461 1199 689 1257 aguntur
727 1209 860 1257 quae
889 1209 1006 1241 cum
1043 1193 1292 1256 leguntur
1317 1192 1489 1240 videri
1526 1192 1698 1241 solent
1726 1231 1735 1241 .
1765 1231 1775 1240 .
1807 1231 1816 1240 .
1845 1192 1995 1241 nulla
2030 1208 2112 1241 me
2151 1192 2330 1256 ingeni
2366 1194 2462 1242 sed

460 1294 650 1341 magna
673 1277 755 1325 vis
782 1276 947 1326 animi
983 1276 1292 1338 inflammat,
1319 1280 1380 1324 ut
1405 1292 1486 1324 me
1524 1275 1636 1339 ipse
1671 1292 1775 1324 non
1811 1280 2050 1338 teneam,
2089 1292 2185 1325 nec
2209 1292 2460 1340 umquam

460 1360 505 1409 is
557 1360 648 1424 qui
685 1359 850 1421 audit,
890 1359 1260 1408 incenderetur
1308 1358 1413 1406 nisi
1451 1359 1638 1407 ardens
1676 1359 1743 1407 ad
1780 1374 1898 1407 eum
1935 1358 2238 1421 perveniret
2273 1359 2457 1408 oratio.

460 1443 636 1502 Quint.
666 1445 719 1492 X
745 1444 791 1505 1,
821 1444 922 1492 107
949 1442 1006 1491 of
1043 1442 1224 1492 Cicero
1256 1446 1334 1511 (as
1362 1442 1639 1505 compared
1664 1442 1797 1490 with
1823 1441 2232 1508 Demosthenes)
2259 1442 2460 1492 salibus

459 1532 601 1576 certe
629 1532 682 1575 et
708 1525 1179 1586 commiseratione,
1209 1541 1341 1589 quae
1376 1525 1478 1573 duo
1514 1524 1799 1589 plurimum
1834 1524 1890 1572 in
1929 1524 2228 1573 adfectibus
2262 1525 2458 1588 valent,

459 1610 720 1659 vincimus
786 1609 926 1657 Plut.
951 1609 1055 1659 Cic.
1085 1610 1116 1657 3
1155 1611 1245 1658 ὑπὸ
1276 1608 1324 1657 δὲ
1349 1611 1435 1657 τοῦ
1471 1608 1623 1673 λόγου
1649 1607 1961 1672 σφοδρότητα
1987 1608 2061 1656 καὶ
2094 1608 2242 1660 πάθος
2269 1610 2461 1674 ἔχοντος

459 1695 526 1743 39
567 1697 592 1743 ὁ
619 1694 833 1759 Κικέρων
868 1695 1119 1757 ὑπερφυῶς
1158 1693 1293 1741 ἐκίνει
1319 1692 1393 1739 καὶ
1430 1693 1713 1755 προύβαινεν
1736 1693 1862 1755 αὐτῷ
1886 1691 2021 1740 πάθει
2059 1712 2112 1739 τε
2140 1691 2358 1743 ποικίλος
2384 1692 2461 1740 καὶ

458 1779 618 1843 χάριτι
646 1778 914 1840 θαυμαστὸς
953 1778 978 1825 ὃ
1015 1774 1165 1841 λόγος
1195 1778 1312 1843 (pro
1349 1772 1584 1838 Ligario)
1613 1775 1798 1825 πολλὰς
1832 1775 1917 1836 μὲν
1941 1773 2052 1823 ἴέναι
2089 1772 2235 1839 χρόας
2273 1774 2349 1822 ἐπὶ
2372 1777 2461 1823 τοῦ

459 1861 721 1925 προσώπου
746 1862 830 1910 τὸν
855 1860 1088 1923 Καίσαρα.

430 1940 432 1944 ’
529 1944 595 1992 13
634 1944 792 2007 pauci
823 1957 1004 1992 sensus
1045 1945 1167 2005 apte
1192 1945 1326 1989 etc.:
1373 1939 1502 1988 This
1547 1938 1592 1987 is
1637 1938 1747 1988 also
1789 1939 1941 2003 flatly
1985 1939 2347 1988 contradicted
2387 1939 2459 2004 by

460 2026 564 2076 Cic.
612 2026 754 2075 Orat.
797 2026 879 2086 50,
923 2025 1023 2074 168
1062 2039 1208 2072 meae
1239 2027 1329 2092 (sc.
1376 2021 1663 2087 orationes)
1705 2022 1919 2085 quidem
1959 2026 2013 2070 et
2051 2022 2288 2086 perfecto
2328 2038 2462 2071 eom·

458 2110 708 2173 pletoque
749 2108 1029 2156 verborum
1069 2106 1272 2155 ambitu
1311 2106 1542 2169 gaudent
1581 2109 1635 2153 et
1672 2109 1820 2153 curta
1861 2104 2099 2153 sentiunt
2140 2120 2236 2154 nec
2279 2109 2460 2154 amant

458 2191 823 2240 redundantia.
866 2190 995 2254 quid
1021 2190 1137 2238 dico
1163 2205 1305 2237 meas
1323 2191 1348 2237 ?
1386 2188 1655 2237 contiones
1683 2203 1837 2251 saepe
1865 2187 2158 2236 exclamare
2186 2187 2311 2250 vidi,
2339 2203 2457 2236 cum

458 2283 574 2338 apte
602 2275 764 2323 verba
788 2273 1116 2322 cecidissent.
1159 2272 1215 2321 id
1240 2271 1381 2320 enim
1407 2275 1687 2335 expectant
1713 2286 1879 2332 aures,
1900 2275 1961 2318 ut
1980 2270 2155 2319 verbis
2182 2269 2460 2334 colligetur

458 2357 736 2407 sententia.
780 2373 886 2405 non
911 2361 1026 2405 erat
1050 2356 1149 2404 hoc
1175 2355 1314 2419 apud
1340 2354 1585 2418 antiquos
1617 2353 1671 2423 (i.
1696 2369 1736 2402 e.
1766 2353 1858 2402 the
1885 2354 2090 2402 Roman
2116 2357 2317 2402 orators
2347 2369 2461 2417 pre-

457 2441 646 2504 ceding
693 2439 896 2505 Cicero)
941 2440 1057 2488 Sen.
1089 2440 1186 2503 Ep.
1224 2438 1340 2499 100,
1381 2440 1411 2487 7
1449 2436 1625 2499 omnia
1664 2437 1804 2500 apud
1845 2436 2149 2486 Ciceronem
2191 2435 2457 2498 desinunt,

456 2525 596 2589 apud
623 2523 919 2572 Pollionem
942 2523 1137 2571 cadunt
1158 2521 1394 2585 exceptis
1418 2519 1752 2584 paucissimis
1774 2534 1905 2583 quae
1933 2520 1999 2568 ad
2019 2523 2219 2568 certum
2244 2519 2457 2568 modum

457 2647 467 2656 .
515 2647 525 2657 .
573 2646 583 2656 .
625 2607 881 2656 adstricta
926 2611 1063 2666 sunt,
1118 2605 1207 2668 Op.
1239 2604 1349 2653 also
1377 2604 1481 2654 Cic.
1513 2603 1653 2652 Orat.
1683 2603 1908 2664 52,174.
1949 2603 2031 2663 53,
2060 2603 2175 2652 177.
2216 2603 2298 2663 57,
2338 2602 2453 2651 191.

457 2693 538 2752 70,
560 2691 661 2740 232
683 2691 719 2738 f.
763 2690 843 2751 71,
874 2690 991 2750 236,
1021 2688 1153 2736 with
1181 2687 1403 2751 Sandys'
1430 2691 1595 2735 notes.
1613 2717 1679 2723 ——
1701 2700 1818 2735 cum
1858 2687 2083 2750 quodam
2124 2686 2328 2735 lumine
2356 2689 2458 2736 ter·

456 2776 756 2824 minantur:
798 2773 978 2823 Cicero
1007 2771 1313 2835 repeatedly
1341 2770 1552 2819 teaches
1579 2769 1698 2818 that
1728 2785 1795 2818 an
1821 2773 1996 2817 orator
2031 2769 2221 2817 should
2256 2769 2456 2818 bestow

456 2862 603 2921 great
630 2873 745 2906 care
772 2872 915 2919 upon
941 2855 1222 2904 rhetorical
1252 2853 1691 2903 embellishment.
1757 2852 1836 2902 Cf.
1866 2868 1907 2900 e.
1932 2869 1976 2915 g.
2006 2853 2069 2900 de
2096 2856 2224 2900 orat.
2253 2852 2345 2900 III
2369 2852 2453 2913 52,

455 2942 554 2990 201
595 2946 675 2990 est
702 2941 852 3004 quasi
878 2940 1167 2988 luminibus
1196 2938 1572 3002 distinguenda
1598 2942 1651 2985 et
1676 2937 2066 3000 frequentanda
2091 2936 2260 2985 omnis
2286 2935 2456 2985 oratio

456 3024 839 3074 sententiarum
866 3028 918 3072 et
946 3024 1222 3073 verborum
1263 3023 1403 3073 Orat.
1436 3024 1517 3082 54,
1547 3022 1644 3069 181
1669 3021 1704 3068 f.
1746 3021 1829 3081 25,
1857 3021 1938 3069 83.
1967 3021 2050 3081 39,
2079 3021 2179 3068 134
2196 3020 2233 3068 f.
2274 3018 2452 3077 Quint.

456 3109 539 3156 IX
565 3108 611 3168 1,
639 3108 719 3155 25.
749 3109 796 3167 4,
826 3109 905 3156 67.
960 3108 1065 3156 But
1105 3108 1248 3156 what
1287 3107 1421 3155 with
1447 3106 1537 3155 the
1565 3104 1711 3153 older
1737 3107 1944 3153 orators
1977 3104 2083 3152 had
2115 3104 2247 3152 been
2272 3102 2398 3167 only
2423 3118 2457 3151 a

456 3207 634 3239 means
661 3195 716 3239 to
743 3206 810 3239 an
837 3192 952 3249 end,
981 3192 1086 3239 had
1112 3191 1167 3238 in
1194 3191 1284 3239 the
1319 3189 1582 3254 speaker’s
1623 3189 1725 3251 day
1749 3187 1959 3236 become
1986 3202 2052 3236 an
2078 3187 2182 3235 end
2206 3185 2263 3233 in
2287 3185 2451 3234 itself.

458 3275 553 3323 See
597 3275 712 3323 Sen.
756 3275 850 3338 Ep.
895 3275 1009 3334 100,
1047 3275 1077 3323 8
1117 3275 1263 3322 deest
1308 3272 1416 3320 illis
1463 3270 1719 3320 oratorius
1764 3269 1912 3332 vigor
1955 3269 2277 3332 stimulique‚
2324 3283 2454 3332 quos

457 3358 664 3423 quaeris
694 3363 746 3406 et
774 3357 935 3406 subiti
962 3357 1098 3405 ictus
1127 3355 1510 3404 sententiarum
1571 3352 1746 3411 Quint.
1776 3352 1916 3401 VIII
1943 3351 1989 3412 5,
2018 3353 2063 3399 2.
2094 3352 2159 3400 13
2198 3351 2290 3399 sed
2314 3366 2454 3400 nunc

457 3441 604 3490 aliud
629 3440 830 3499 volunt,
858 3444 918 3488 ut
955 3454 1135 3487 omnes
1176 3453 1359 3487 sensus
1398 3437 1453 3484 in
1487 3435 1589 3483 fine
1617 3434 1870 3483 sermonis
1898 3433 2058 3482 feriat
2084 3449 2262 3482 aurem
2311 3433 2358 3490 4,
2387 3433 2453 3481 32

460 3540 620 3588 quare
657 3523 783 3571 licet
819 3522 948 3571 haec
986 3525 1038 3570 et
1076 3521 1244 3569 nitere
1280 3525 1333 3568 et
1359 3519 1692 3582 aliquatenus
1719 3520 1925 3565 exstare
1952 3515 2248 3576 videantur,
2275 3518 2453 3563 tamen
