2716 3964
433 251 542 305 130
1317 276 1522 317 NOTES.

431 413 700 475 apathetic
726 415 954 465 attitude
982 419 1183 467 toward
1208 420 1380 468 works
1407 421 1465 469 of
1493 426 1591 482 art,
1619 422 1663 471 it
1690 439 1808 488 may
1834 423 1896 473 be
1924 423 2184 474 sufficient
2207 430 2263 475 to
2288 442 2428 476 men-

430 494 545 543 tion
585 496 809 546 Cicero⁷s
848 499 1110 563 admiring
1146 506 1424 563 comment,
1453 519 1546 567 pro
1572 505 1754 569 Pomp.
1785 506 1865 567 14,
1892 507 1958 555 40
1986 511 2250 570 postremo
2276 509 2428 572 signa

430 582 482 626 et
510 579 716 628 tabulas
753 585 1028 645 ceteraque
1068 589 1376 633 ornamenta
1402 586 1718 636 Graecorum
1749 589 2076 653 oppidorum,
2105 607 2238 654 quae
2264 592 2427 642 ceteri

428 661 666 710 tollenda
704 678 817 711 esse
857 664 1197 727 arbitrantur,
1240 682 1301 716 ea
1341 668 1443 716 sibi
1495 668 1586 718 ille
1637 686 1701 719 ne
1741 671 1962 721 visenda
1998 672 2212 736 quidem
2249 674 2428 724 existi-

429 744 608 793 mavit.
687 745 782 794 See
824 746 935 795 also
974 747 1300 814 Bernhardy,
1331 735 1480 799 Ram]
1516 752 1645 806 Litfi
1683 770 1730 817 p.
1764 755 1830 802 54
1856 755 1927 815 ff.,
1969 755 2325 818 Friedlander,
2364 758 2424 806 II

428 827 528 875 187
546 827 582 874 f.
606 827 697 875 III
718 828 820 876 314
841 829 893 877 ff.
924 830 1028 878 and
1054 830 1275 895 SandyS,
1305 833 1408 883 Cic.
1441 834 1580 883 Orat.
1611 835 1658 896 2,
1686 837 1734 896 5,
1758 837 1956 885 Introd.
1986 854 2033 901 p.
2059 853 2424 889 LXXI-LXXIV.

431 912 633 962 Goethe
651 913 755 960 and
776 913 1002 962 Schiller
1019 914 1124 963 had
1141 916 1345 964 similar
1366 918 1719 981 experiences,
1741 935 1818 983 cp.
1840 919 2030 968 Lewis'
2049 921 2236 970 Goethe
2250 922 2420 985 p.155.

498 997 562 1044 10
601 1000 795 1047 natura
825 1012 951 1047 sua·
979 1029 989 1039 ·
1016 1029 1024 1038 ·
1053 999 1362 1063 denegavit:
1415 1000 1524 1048 The
1575 1016 1714 1049 same
1756 1001 1946 1064 phrase
1989 1017 2167 1050 occurs
2206 1002 2261 1050 in
2301 1004 2419 1052 Tac.

426 1079 562 1127 Ann.
592 1079 695 1129 XV
719 1080 786 1127 42
813 1080 1003 1143 quibus
1042 1080 1313 1144 ingenium
1340 1120 1350 1130 .
1381 1120 1391 1129 .
1422 1120 1431 1129 .
1461 1087 1574 1131 erat
1611 1083 1786 1144 etiam,
1815 1099 1946 1147 quae
1986 1088 2174 1133 natura
2207 1084 2426 1147 denega-

424 1162 603 1211 visset.
682 1162 761 1212 Cf.
802 1163 913 1212 also
953 1163 1057 1214 Cic.
1088 1164 1151 1213 de
1190 1169 1318 1213 orat.
1348 1165 1407 1212 II
1434 1166 1516 1226 29,
1545 1166 1645 1215 126
1683 1182 1714 1214 a
1750 1171 1938 1215 natura
1974 1167 2287 1230 denegatum
2326 1167 2418 1218 Ov.

424 1246 519 1308 Ep.
551 1245 742 1309 Sapph.
771 1246 836 1295 31
866 1247 1043 1295 Lucan
1071 1247 1149 1296 VI
1176 1248 1241 1296 59
1271 1247 1383 1295 Iuv.
1415 1248 1441 1295 I
1469 1250 1548 1297 79.
1625 1249 1901 1298 Translate
1927 1268 1936 1297 ε
1965 1249 2065 1298 ‘To
2086 1249 2255 1298 whom
2281 1250 2424 1299 their

424 1328 634 1376 natural
661 1328 993 1378 endowment
1019 1330 1114 1378 has
1141 1330 1333 1379 denied
1358 1331 1631 1380 oratorical
1662 1332 1862 1380 talent.⁷
1932 1332 2043 1381 The
2070 1348 2287 1396 passage
2314 1349 2420 1383 was

423 1411 650 1475 perhaps
689 1412 970 1475 suggested
1008 1413 1078 1477 by
1118 1413 1222 1463 Cic.
1251 1414 1315 1462 de
1356 1418 1482 1463 orat.
1522 1415 1548 1462 I
1586 1415 1669 1476 25,
1699 1416 1799 1464 117
1838 1423 2009 1479 neque
2047 1415 2175 1465 haec
2214 1415 2271 1463 in
2307 1431 2422 1464 eam

423 1494 742 1543 sententiam
769 1495 996 1558 disputo,
1025 1500 1084 1545 ut
1115 1496 1355 1545 homines
1382 1497 1760 1559 adulescentes,
1789 1498 1835 1547 si
1861 1499 1991 1562 quid
2016 1498 2256 1548 naturale
2281 1499 2420 1549 forte

422 1593 527 1626 non
553 1577 796 1639 habeant,
824 1578 1036 1627 omnino
1063 1594 1094 1627 a
1118 1579 1327 1628 dicendi
1354 1580 1530 1629 studio
1556 1581 1862 1630 deterream.

591 1688 683 1729 Sua
714 1689 749 1729 is
779 1689 903 1740 quite
932 1690 1338 1741 unobjectionable.
1403 1691 1471 1732 Cf.
1499 1691 1588 1732 Cic.
1616 1693 1743 1732 Brut.
1780 1692 1849 1743 56,
1871 1693 1953 1732 204
1988 1704 2076 1744 quo
2108 1692 2225 1733 ferat
2257 1696 2424 1734 natura

532 1769 614 1798 sua
635 1769 868 1809 quemque.
933 1759 1170 1799 Andresen
1190 1760 1391 1811 (Emend.
1411 1772 1452 1811 p.
1478 1761 1574 1814 171)
1599 1761 1697 1801 who
1718 1761 1885 1801 deletes
1905 1761 1981 1801 the
2002 1773 2221 1812 pronoun,
2241 1761 2421 1802 himself

535 1826 758 1867 confesses
789 1831 799 1850 ‘
814 1827 934 1867 unde
955 1831 1107 1868 tamen
1131 1828 1370 1879 irrepserit,
1395 1840 1486 1869 non
1517 1829 1661 1870 audeo
1683 1829 1903 1870 affirmare
1919 1832 1929 1851 '
1963 1830 2053 1870 and
2083 1831 2191 1870 then
2222 1830 2346 1881 adds,
2370 1843 2423 1872 as

534 1896 569 1935 if
597 1896 672 1936 the
706 1897 798 1938 MS.
836 1897 1023 1948 reading
1053 1909 1169 1937 were
1201 1899 1323 1949 quite
1350 1898 1689 1950 unintelligible,
1728 1903 1835 1939 ‘nec
1866 1911 1970 1940 vero
2002 1899 2048 1939 id
2076 1899 2226 1951 potius
2255 1911 2338 1951 ago
2367 1903 2420 1940 ut

533 1965 891 2016 corruptelarum
913 1965 1130 2017 originem
1152 1967 1350 2017 aperiam
1372 1978 1507 2018 quam
1527 1972 1579 2007 ut
1599 1968 1833 2007 emendem
1849 1969 1859 1989 ’
1883 1971 1891 2008 l

492 2061 558 2108 12
597 2062 861 2111 oblectare
891 2062 1081 2111 otium:
1120 2063 1224 2110 For
1262 2063 1353 2111 the
1394 2063 1715 2127 expression,
1758 2063 1824 2112 cf.
1869 2065 1986 2113 Tac.
2022 2064 2157 2112 Ann.
2198 2065 2313 2113 XII
2350 2065 2419 2114 49

426 2143 589 2212 (cited
615 2144 801 2210 above)
831 2144 947 2193 Sen.
977 2145 1115 2193 Dial.
1147 2145 1173 2192 I
1201 2146 1247 2206 5,
1276 2147 1309 2193 4
1336 2145 1471 2194 Plin.
1494 2146 1589 2209 Ep.
1614 2147 1693 2195 IV
1712 2149 1792 2209 14,
1822 2149 1867 2196 2.
1886 2161 2158 2197 —nomen
2189 2147 2423 2198 inserere

422 2229 620 2276 famae:
659 2227 708 2274 A
744 2227 868 2275 bold
905 2227 1084 2290 figure,
1120 2228 1221 2282 but,
1252 2229 1543 2293 paralleled
1575 2228 1628 2276 in
1657 2230 1774 2277 Tac.
1804 2229 1874 2277 H.
1904 2230 1963 2277 II
1991 2230 2055 2279 61
2085 2231 2295 2279 Marcus
2323 2267 2333 2278 .
2363 2267 2374 2279 .
2403 2268 2413 2279 .

421 2309 652 2358 inserere
680 2325 734 2358 se
761 2310 1004 2359 fortunae
1030 2311 1168 2359 Ann.
1199 2312 1275 2361 VI
1302 2313 1334 2360 2
1367 2312 1755 2375 ignobilitatem
1794 2327 1941 2361 suam
1967 2312 2171 2376 magnis
2197 2313 2422 2362 nomini-

422 2392 515 2441 bus
543 2392 744 2441 inserit.
801 2393 880 2444 Cf.
919 2393 1030 2442 also
1067 2394 1204 2442 Plin.
1234 2395 1330 2458 Ep.
1361 2395 1471 2444 VII
1511 2396 1593 2456 33,
1622 2395 1651 2443 1
1680 2394 1789 2443 illis
1834 2399 1923 2464 (sc.
1953 2395 2192 2445 historiis
2218 2395 2413 2462 Taciti)

421 2475 583 2524 inseri
609 2475 776 2539 cupio,

491 2559 557 2607 13
594 2572 744 2609 vero:
772 2559 858 2607 ‘of
894 2575 1091 2621 course,
1130 2565 1185 2609 to
1222 2561 1285 2609 be
1324 2561 1477 2609 sure.'
1566 2560 1645 2610 Cf.
1674 2560 1926 2622 Wilkins,
1967 2561 2070 2612 Cic.
2105 2562 2169 2610 de
2199 2566 2325 2611 orat.
2355 2562 2416 2611 II

422 2642 503 2702 71,
542 2641 1143 2706 290.-—eloquentiam:
1182 2642 1417 2692 ‘artistic
1453 2643 1834 2707 composition.5
1911 2644 1978 2692 So
2015 2660 2054 2693 c.
2088 2645 2154 2693 23
2181 2652 2206 2692 8
2237 2644 2413 2703 Quint.

421 2725 471 2771 X
498 2724 547 2786 2,
573 2724 637 2772 21
669 2726 773 2772 and
811 2742 895 2774 see
934 2732 1056 2775 note
1094 2745 1133 2775 c.
1163 2730 1194 2776 5
1223 2737 1287 2776 13.
1362 2727 1452 2790 Cp.
1482 2726 1592 2775 also
1628 2725 1972 2775 Friedlander
1999 2727 2089 2775 III
2116 2728 2247 2777 397:
2276 2727 2303 2748 “
2316 2727 2419 2777 Die

420 2806 607 2855 Poesie
648 2822 755 2855 war
794 2807 885 2856 der
928 2807 1327 2857 Beredsamkeit
1369 2809 1503 2857 nahe
1549 2810 1834 2871 verwandt,
1875 2809 1950 2858 sie
1988 2810 2166 2859 wurde
2210 2827 2273 2860 zu
2316 2811 2418 2860 den

422 2890 647 2938 Formen
684 2890 775 2938 der
795 2890 1230 2939 Wohlredenheit
1268 2891 1341 2939 im
1366 2891 1641 2941 weitesten
1669 2892 1829 2941 Sinne
1855 2893 1946 2941 des
1973 2893 2184 2942 Wortes
2211 2894 2421 2958 gezahlt

421 2973 530 3020 und
555 2972 566 2991 “
581 2972 787 3021 beredt’
819 2973 1122 3039 (facundus)
1141 2974 1356 3037 gehorte
1382 2991 1445 3023 zu
1465 2975 1566 3024 den
1592 2975 2042 3038 gewohnlichsten
2066 2977 2176 3025 und
2201 2977 2421 3027 ehrend·

421 3059 540 3103 sten
564 3055 908 3104 Praedicaten
934 3057 1025 3105 der
1052 3057 1323 3106 Dichter.''

438 3131 445 3141 ’
491 3139 557 3186 14
596 3153 796 3188 sacras:
834 3156 975 3187 sacer
998 3155 1054 3188 as
1081 3156 1112 3188 a
1137 3155 1395 3206 synonym
1415 3141 1472 3190 of
1496 3141 1863 3191 ‘venerabilis'
1891 3141 1936 3191 is
1964 3143 2136 3207 poetic
2156 3145 2260 3193 and
2279 3148 2422 3209 post-

421 3220 555 3283 Aug.
591 3236 632 3268 e.
657 3237 701 3283 g.
745 3221 873 3269 Hor.
904 3222 956 3271 C.
987 3223 1046 3270 II
1074 3223 1155 3283 13,
1183 3224 1249 3272 29
1287 3225 1441 3287 Prop.
1471 3224 1561 3272 III
1590 3225 1654 3272 16
1685 3224 1787 3292 (IV
1812 3223 1900 3290 16)
1931 3225 1993 3273 11
2034 3227 2177 3276 Mart
2202 3227 2250 3276 V
2274 3228 2356 3289 69,
2383 3229 2415 3277 7

421 3304 562 3353 VIII
597 3304 663 3352 56
702 3304 824 3352 Luc.
856 3305 939 3353 IX
973 3306 1074 3354 983
1115 3305 1205 3354 Sil.
1235 3306 1356 3354 Ital.
1385 3307 1527 3355 VIII
1555 3307 1670 3366 100,
1699 3306 1793 3355 but
1830 3323 1944 3355 rare
1982 3307 2039 3355 in
2075 3325 2262 3372 prose:
2301 3325 2343 3358 e.
2367 3326 2414 3373 g.

424 3387 539 3435 Seu.
570 3387 745 3436 Contr.
775 3388 802 3434 I
832 3388 994 3450 praef.
1024 3389 1089 3436 10
1125 3389 1199 3437 sic
1227 3389 1559 3438 sacerrimam
1585 3389 1939 3452 eloquentiam
1968 3429 1976 3438 .
2009 3429 2018 3439 .
2049 3429 2059 3439 .
2088 3391 2286 3441 violare
2310 3408 2417 3441 non

422 3469 671 3518 desinunt
726 3470 900 3526 Quint.
930 3472 1011 3518 XI
1045 3471 1091 3530 1,
1119 3472 1184 3520 59
1226 3488 1372 3521 sacra
1411 3473 1665 3535 quaedam
1707 3472 1872 3535 patris
1911 3473 2023 3522 eius
2065 3475 2420 3524 memoria.—

423 3552 533 3600 The
560 3567 700 3600 same
728 3551 1036 3599 collocation
1063 3551 1117 3599 in
1146 3552 1262 3600 Sen.
1292 3554 1386 3617 Ep.
1408 3554 1571 3614 14,11
1601 3569 1790 3602 nomen
1815 3554 2179 3619 philosophiae
2207 3572 2417 3605 venera-
