2716 3964
897 262 1368 305 PROLEGOMENA.
1996 253 2129 305 xciii

127 418 164 448 c.
190 405 242 447 31
259 412 278 445 1
299 404 344 447 ff.
379 405 464 446 hoc
489 405 575 446 sibi
602 405 665 445 illi
696 409 868 446 veteres
906 417 1087 457 persua-

183 479 334 516 serant
365 504 374 515 .
411 505 421 515 .
459 505 468 515 .
504 486 615 525 opus
658 485 752 515 esse
800 486 892 515 non
939 479 990 515 ut
1039 477 1086 516 in

181 546 412 585 rhetorum
457 543 619 584 scholis
662 543 966 585 declamarent
1003 559 1085 588 nec

180 620 233 656 ut
251 615 367 655 fictis
387 625 470 654 nec
497 614 589 654 ullo
617 614 751 654 modo
773 616 830 655 ad
851 618 1085 658 veritatem

181 685 498 727 accedentibus
534 687 849 726 controversiis
886 686 1085 738 linguam

180 756 316 796 modo
346 758 392 795 et
422 766 577 795 vocem
609 759 868 795 exercerent

152 898 160 908 .
187 867 238 906 31
257 874 298 906 10
318 866 363 906 ff.
391 866 447 906 de
476 866 637 917 quibus
668 866 844 917 copiose
864 871 910 906 et
929 871 1086 907 ornate

180 948 313 976 nemo
333 936 481 976 dicere
502 940 663 986 potest,
684 936 770 975 nisi
787 936 862 987 qui
879 937 1086 988 cognovit

179 1010 390 1047 naturam
422 1006 667 1047 humanam
691 1010 736 1046 et
756 1006 846 1045 vim
866 1006 1084 1046 virtutum

179 1077 537 1127 pravitatemque
579 1076 790 1121 vitiorum
813 1107 821 1116 .
850 1107 858 1116 .
887 1107 896 1116 .
923 1087 979 1115 ex
1016 1076 1085 1116 his

179 1145 381 1186 fontibus
431 1146 567 1186 etiam
618 1145 694 1185 illa
742 1144 986 1196 profluunt,
1034 1149 1085 1185 ut

179 1215 355 1255 facilius
385 1215 498 1255 iram
531 1215 690 1255 iudicis
716 1214 785 1254 vel
814 1215 995 1266 instiget
1013 1214 1084 1254 vel

178 1284 320 1325 leniat
345 1285 421 1335 qui
449 1285 532 1324 scit
555 1285 663 1335 quid
684 1285 751 1325 ira
771 1289 815 1324 et
835 1284 1084 1335 promptius

181 1354 239 1395 ad
278 1355 612 1395 miserationem
654 1353 854 1404 impellat
891 1354 967 1404 qui
1000 1354 1084 1393 scit

182 1424 289 1474 quid
309 1424 367 1464 sit
387 1423 691 1464 misericordia
706 1427 751 1463 et
767 1423 928 1474 quibus
944 1423 1084 1463 animi

181 1493 378 1533 motibus
397 1493 659 1533 concitetur.

126 1753 162 1783 c.
188 1742 242 1782 39
263 1749 303 1781 13
332 1754 403 1782 res
429 1742 552 1783 velut
578 1742 625 1782 in
651 1742 890 1782 solitudine
918 1743 1079 1794 agitur,

183 1811 350 1852 oratori
397 1816 549 1852 autem
598 1811 791 1852 clamore
836 1812 1083 1863 plausuque

184 1892 294 1932 opus
333 1885 400 1921 est
434 1885 479 1921 et
512 1881 634 1921 velut
673 1881 868 1932 quodam
907 1882 1083 1921 theatro

184 1980 193 1991 .
221 1982 230 1991 .
258 1980 268 1990 .
294 1962 396 1990 cum
420 1954 489 1990 tot
511 1951 680 2002 pariter
707 1962 758 1991 ac
788 1954 883 1990 tam
912 1950 1085 1990 nobiles

182 2019 332 2060 forum
362 2023 619 2060 coartarent
648 2023 731 2061 etc.

1171 408 1227 447 de
1255 411 1364 447 orat.
1392 407 1414 447 I
1441 407 1509 459 33,
1528 407 1607 448 149
1637 408 1843 460 equidem
1874 410 2012 460 probo
2044 412 2130 451 ista

1226 482 1277 517 ut
1306 488 1441 517 causa
1470 477 1620 528 aliqua
1649 479 1878 528 proposita
1909 479 2131 520 consimili

1227 558 1463 588 causarum
1493 557 1648 586 earum
1679 558 1792 596 quae
1819 547 1865 586 in
1887 547 2036 588 forum
2056 551 2132 591 de-

1226 618 1443 666 ferantur,
1478 616 1636 656 dicatis
1672 628 1806 667 quam
1843 620 2037 660 maxime
2072 622 2131 662 ad

1226 688 1460 727 veritatem
1478 687 1778 727 accomodate.
1830 688 1916 728 Sed
1932 689 2130 742 plerique

1226 758 1274 796 in
1293 758 1376 798 hoc
1397 770 1552 798 vocem
1574 758 1707 798 modo
1731 789 1740 798 .
1769 789 1778 799 .
1806 789 1815 798 .
1843 764 2053 800 exercent

1170 868 1225 908 de
1247 873 1356 909 orat.
1375 869 1396 908 I
1415 870 1479 919 12,
1495 869 1547 908 53
1571 870 1670 919 quis
1691 870 1811 908 enim
1834 871 1975 910 nescit
1990 872 2133 911 maxi-

1225 950 1346 977 mam
1372 939 1463 977 vim
1493 939 1682 978 existere
1712 939 1901 979 oratoris
1923 939 1970 979 in
1990 940 2132 980 homi-

1225 1019 1335 1046 num
1370 1007 1595 1048 mentibus
1625 1008 1696 1049 vel
1730 1009 1788 1049 ad
1822 1009 1935 1050 iram
1965 1014 2044 1050 aut
2072 1011 2131 1051 ad

1226 1077 1378 1116 odium
1399 1081 1478 1117 aut
1499 1078 1556 1118 ad
1577 1078 1777 1118 dolorem
1801 1080 2042 1120 incitandis
2060 1079 2131 1120 vel

1226 1146 1282 1185 ab
1320 1147 1440 1186 hisce
1490 1147 1630 1187 isdem
1677 1149 2034 1199 permotionibus
2072 1149 2131 1190 ad

1223 1215 1456 1255 lenitatem
1509 1217 1954 1268 misericordiamque
2006 1230 2133 1259 revo-

1225 1285 1411 1324 candis?
1444 1298 1557 1336 quae
1578 1287 1664 1326 nisi
1688 1288 1763 1338 qui
1786 1293 1971 1328 naturas
1990 1288 2132 1327 homi-

1223 1366 1333 1393 num
1382 1355 1560 1405 vimque
1606 1369 1785 1397 omnem
1837 1357 2132 1398 humanitatis

1225 1435 1467 1475 causasque
1507 1437 1582 1465 eas
1622 1427 1783 1477 quibus
1835 1432 2009 1467 mentes
2051 1431 2131 1467 aut

1223 1492 1472 1533 incitantur
1502 1499 1580 1534 aut
1611 1495 1915 1547 reflectuntur,
1951 1497 2132 1548 penitus

1223 1564 1513 1614 perspexerit,
1539 1564 1730 1605 dicendo
1751 1566 1871 1616 quod
1892 1566 2012 1606 volet
2031 1578 2131 1617 per-

1224 1630 1356 1671 ficere
1377 1644 1469 1671 non
1490 1633 1668 1683 poterit.

1169 1742 1224 1782 de
1264 1747 1373 1783 orat.
1411 1744 1457 1782 ΙΙ
1496 1744 1563 1794 83,
1598 1745 1679 1785 338
1729 1745 1779 1785 fit
1828 1750 1979 1786 autem
2026 1747 2131 1797 quia

1224 1813 1423 1852 maxima
1444 1814 1609 1854 oratori
1630 1827 1792 1855 scaena
1812 1816 1962 1855 contio
1984 1820 2072 1856 est.
2091 1846 2100 1854 .
2118 1846 2130 1855 .

1223 1882 1359 1921 habet
1390 1884 1509 1922 enim
1540 1884 1782 1924 multitudo
1803 1886 1894 1925 vim
1921 1885 2058 1925 talem
2078 1889 2130 1925 ut

1226 1955 1377 1991 orator
1425 1953 1519 1992 sine
1573 1953 1863 1994 multitudine
1918 1955 2129 1994 audiente

1226 2020 1439 2071 eloquens
1468 2033 1561 2062 esse
1592 2034 1684 2062 non
1713 2024 1889 2074 poterit.

197 2144 337 2192 That
359 2144 451 2192 the
476 2144 582 2192 lost
609 2144 850 2207 dialogue
871 2145 1177 2193 Hortensius
1201 2161 1307 2193 was
1336 2146 1447 2193 also
1473 2163 1614 2194 more
1642 2147 1973 2211 extensively
1998 2149 2130 2197 used

127 2227 260 2275 than
301 2227 472 2289 might
516 2243 710 2290 appear
749 2227 888 2275 from
924 2228 1015 2275 the
1055 2227 1278 2292 solitary
1315 2229 1592 2291 quotation
1630 2229 1687 2277 in
1723 2246 1764 2279 c.
1795 2231 1858 2278 16
1884 2239 1938 2278 28
1976 2231 2131 2280 could

128 2310 262 2359 have
304 2310 439 2358 been
483 2311 655 2374 safely
699 2311 1039 2375 conjectured
1081 2327 1149 2360 on
1191 2312 1403 2375 general
1449 2314 1693 2375 grounds,
1734 2314 1817 2361 for
1861 2314 1904 2362 it
1948 2314 1992 2363 is
2037 2320 2130 2364 not

127 2392 295 2456 likely
319 2393 439 2441 that
469 2409 536 2441 an
566 2393 756 2441 author
782 2394 898 2441 who
926 2410 1114 2457 proves
1142 2394 1362 2443 himself
1387 2411 1443 2443 so
1469 2396 1791 2460 profoundly
1817 2402 2130 2446 conversant

127 2475 261 2524 with
292 2475 518 2525 Cicero's
553 2476 726 2524 works
761 2477 936 2525 would
973 2477 1106 2525 have
1145 2478 1420 2540 neglected
1456 2483 1511 2526 to
1548 2479 1709 2543 pluck
1746 2496 1887 2529 some
1925 2481 2129 2530 flowers

128 2558 265 2606 from
302 2558 394 2606 the
433 2558 642 2621 ‘regina
679 2559 1037 2624 dialogorum‚'
1078 2576 1133 2608 as
1172 2560 1264 2608 the
1303 2561 1622 2610 Hortensius
1660 2562 1755 2611 has
1791 2562 1925 2612 been
1960 2564 2131 2628 justly

129 2639 378 2704 styled.¹82
449 2642 559 2690 One
597 2641 725 2690 such
763 2642 1138 2691 reminiscence
1174 2659 1271 2692 can
1298 2644 1411 2691 still
1437 2644 1500 2692 be
1527 2646 1708 2694 traced
1732 2646 1864 2694 with
1891 2648 2128 2696 absolute

129 2724 405 2788 certainty,
444 2724 604 2772 while
642 2724 699 2772 in
735 2729 840 2773 two
879 2726 1030 2773 other
1067 2725 1331 2774 instances
1372 2727 1539 2775 direct
1579 2727 1952 2778 indebtedness
1991 2730 2036 2778 is
2075 2735 2129 2779 at

127 2806 264 2855 least
289 2812 382 2855 not
408 2807 747 2870 improbable.

201 2890 443 2939 Scholars
488 2890 621 2938 have
667 2890 792 2953 long
835 2907 930 2954 ago
976 2893 1371 2941 demonstrated
1414 2894 1532 2941 that
1585 2893 1906 2944 Iamblichus
1945 2897 2001 2943 in
2036 2897 2127 2945 the

128 2972 491 3036 Protrepticus
518 2989 574 3021 as
602 2974 723 3022 well
749 2990 805 3022 as
834 2974 1014 3023 Cicero
1048 2975 1105 3022 in
1141 2976 1232 3023 the
1272 2976 1593 3025 Hortensius
1632 2978 1772 3026 alike
1811 2979 1952 3026 drew
1987 2996 2129 3042 upon

130 3071 160 3104 a
185 3071 422 3104 common
449 3072 646 3117 source,
672 3057 885 3121 namely
911 3057 1215 3106 Aristotle's
1248 3059 1686 3123 Προτρεπί-ικός.183
1756 3062 1984 3124 Bearing
2019 3062 2127 3111 this

130 3137 240 3186 fact
266 3138 323 3186 in
347 3138 509 3199 mind,
537 3154 615 3187 we
641 3155 763 3203 may
789 3155 1028 3203 compare
1054 3141 1145 3189 the
1173 3141 1448 3204 following
1472 3146 1576 3190 two
1602 3159 1847 3206 passages
1870 3163 1879 3192 :

204 3275 257 3302 1⁸2
277 3277 394 3316 That
413 3277 489 3316 the
509 3277 681 3328 subject
701 3277 748 3317 of
769 3278 992 3328 eloquence
1011 3291 1103 3319 was
1124 3279 1216 3319 also
1237 3280 1463 3319 discussed
1492 3280 1538 3319 in
1569 3281 1604 3320 it
1633 3282 1713 3321 has
1742 3282 1855 3322 been
1884 3283 2039 3323 shown
2067 3282 2128 3335 by

130 3343 354 3396 Plasberg,
379 3345 445 3385 De
479 3345 700 3385 Ciceronis
731 3346 967 3387 Hortensio
994 3359 1034 3398 p.
1057 3348 1110 3387 34
1132 3348 1183 3398 f.,
1208 3348 1423 3399 although
1443 3349 1498 3388 he
1520 3350 1745 3401 strangely
1767 3351 2033 3392 overlooked
2053 3353 2128 3392 the

130 3426 313 3466 passage
336 3414 452 3453 cited
474 3414 590 3454 from
613 3415 904 3466 Augustinus.

206 3484 258 3512 1⁸⁸
279 3487 368 3526 For
386 3487 462 3526 the
483 3487 676 3527 detailed
697 3487 841 3538 proof,
861 3498 932 3526 see
953 3487 1178 3536 Bywater,
1198 3485 1322 3526 Jour.
1345 3486 1397 3535 of
1413 3487 1528 3527 Phil.
1549 3489 1593 3527 II
1615 3489 1667 3528 55
1689 3488 1732 3528 ff.
1764 3490 1947 3540 Usener,
1969 3491 2122 3531 Rhein.

132 3554 247 3595 Mus.
285 3556 490 3596 XXVIII
520 3556 600 3596 390
631 3555 676 3596 ff.
722 3556 858 3606 Diels,
893 3555 1057 3595 Archiv
1087 3555 1128 3604 f.
1168 3556 1312 3596 Gesclz.
1350 3557 1424 3596 der
1464 3557 1743 3607 Philo-sophie
1773 3559 1794 3598 I
1823 3560 1902 3599 477
1925 3559 1969 3599 ff.
2034 3560 2126 3599 The

133 3626 324 3675 attempt
359 3624 405 3664 of
439 3626 486 3665 P.
524 3624 742 3675 Hartlich,
776 3625 922 3674 Leipz.
960 3624 1081 3664 stud.
1119 3625 1187 3664 XI
1221 3624 1414 3664 291-300
1451 3626 1539 3665 and
1574 3628 1753 3677 passim,
1792 3632 1838 3667 to
1872 3629 1995 3668 show
2029 3629 2127 3668 that
