2716 3964
1150 275 1196 314 0.
1232 276 1297 314 26.
1332 276 1398 315 27.
2147 260 2253 312 273

270 420 316 469 is
343 420 487 484 quite
512 419 718 482 willing
741 423 796 467 to
822 419 1044 468 concede
1071 419 1154 467 his
1182 419 1484 483 inferiority
1509 423 1564 467 to
1590 435 1620 467 a
1647 418 1970 468 Gabinianus
1997 434 2053 466 as
2080 434 2176 466 one
2203 418 2259 465 of

270 503 362 552 the
389 502 684 551 illustrious
710 501 1152 565 representatives
1179 502 1237 550 of
1259 503 1350 550 the
1377 503 1594 550 modern
1619 501 1897 550 orator-ical
1924 501 2076 548 ideal.
2147 501 2259 548 The

273 586 284 606 ‘
302 586 424 635 sed'
451 586 626 634 clause
652 586 697 633 is
724 585 894 633 added
918 589 1012 632 not
1038 585 1163 648 only
1189 590 1244 632 to
1270 585 1565 648 stigmatise
1592 586 1682 632 the
1710 600 1953 648 perverse
1984 584 2260 648 judgment

271 669 330 717 of
351 670 501 718 these
523 668 869 718 ‘scholastici'
890 668 1022 716 with
1046 668 1234 730 regard
1258 672 1313 716 to
1334 668 1513 718 Cicero
1539 669 1633 716 but
1659 668 1769 716 also
1792 672 1846 715 to
1874 667 2094 715 ridicule
2120 667 2261 715 their

271 752 620 815 exaggerated
645 751 887 800 estiinate
913 751 971 798 of
997 750 1336 800 Gabinianus.
1401 751 1488 798 An
1513 750 1830 812 interesting
1854 750 2180 798 illustration
2205 750 2263 798 of

272 835 381 883 this
407 834 635 882 attitude
655 834 700 882 is
721 834 1001 881 furnished
1020 833 1089 896 by
1113 833 1228 881 Sen.
1254 834 1427 882 Contr.
1452 834 1542 880 ΠΙ
1562 833 1725 896 praef.
1750 833 1918 881 14-17
1944 833 2048 880 nisi
2075 832 2262 881 scirem

278 916 512 986 (Cassius
553 916 796 981 Severus)
839 920 892 964 et
928 915 1224 964 Pollionem
1261 916 1507 964 Asinium
1545 920 1597 963 et
1635 915 1940 963 Messallam
1980 915 2263 965 Corvinum

275 1004 327 1048 et
363 1000 690 1060 Passienum,
731 999 820 1063 qui
858 1015 996 1047 nunc
1036 998 1205 1061 primo
1249 999 1362 1046 1000
1390 1003 1511 1059 stat,
1539 998 1712 1046 minus
1738 998 1869 1046 bene
1895 998 2065 1046 videri
2092 998 2263 1046 dicere

278 1097 433 1144 quam
459 1082 692 1132 Cestium
720 1087 811 1130 aut
842 1083 1123 1130 Latronem
1151 1119 1160 1129 .
1192 1120 1201 1129 .
1230 1119 1241 1130 .
1271 1098 1374 1129 non
1413 1081 1495 1128 illi
1532 1081 1681 1145 peius
1721 1081 1902 1128 dicunt
1940 1082 2031 1129 sed
2068 1081 2124 1128 hi
2162 1097 2266 1129 cor-

275 1164 483 1228 ruptius
522 1165 758 1213 iudicant
784 1203 794 1212 .
826 1203 835 1212 .
865 1201 876 1211 .
905 1164 962 1211 hi
998 1180 1104 1211 non
1140 1168 1347 1211 tantum
1386 1163 1749 1211 disertissimis
1789 1163 1917 1211 viris
1956 1179 2084 1226 quos
2110 1164 2267 1226 paulo

276 1251 398 1296 ante
442 1247 641 1309 rettuli,
689 1247 919 1297 Cestium
966 1263 1117 1294 suum
1161 1246 1469 1310 praeferunt
1512 1247 1604 1294 sed
1647 1246 1806 1294 etiam
1846 1246 2084 1295 Ciceroni
2124 1263 2268 1310 prae-

277 1330 478 1378 ferrent
503 1330 608 1378 nisi
632 1330 835 1393 lapides
873 1330 1152 1391 timerent3
1192 1329 1348 1376 huius
1388 1329 1527 1376 enim
1566 1329 1970 1376 declamationes
2010 1329 2265 1390 ediscunt,

278 1412 424 1461 illius
474 1413 736 1462 orationes
786 1429 890 1460 non
939 1413 1123 1474 legunt
1169 1411 1275 1459 nisi
1325 1428 1411 1460 eas
1463 1412 1652 1474 quibus
1709 1412 1916 1460 Cestius
1978 1412 2264 1474 rescripsit.

278 1496 494 1544 memini
519 1512 601 1544 me
627 1496 825 1544 intrare
852 1495 1083 1544 scholam
1110 1495 1238 1555 eius,
1261 1510 1377 1542 cum
1403 1494 1718 1542 recitaturus
1746 1498 1884 1542 esset
1905 1494 1959 1541 in
1981 1495 2234 1542 Milonem
2255 1514 2266 1556 3
2329 1493 2339 1507 ⁹

280 1579 486 1629 Cestius
531 1595 596 1628 ex
635 1564 1014 1628 consuetudine
1058 1594 1153 1626 sua
1194 1578 1415 1626 miratus
1457 1578 1692 1625 dicebat:
1747 1577 1793 1625 51
1833 1578 2040 1625 Thraex
2082 1593 2266 1639 essem,

279 1661 471 1710 Fusius
509 1678 706 1724 essem3
747 1662 792 1710 si
828 1661 1182 1726 pantomimus
1221 1676 1404 1721 essem,
1445 1660 1726 1724 Bathyllus
1766 1676 1962 1722 essem,
2003 1660 2048 1708 51
2087 1677 2267 1723 0(111115,

280 1744 535 1794 Melissio.
564 1761 668 1793 non
694 1744 930 1793 continui
954 1744 1116 1792 bilem
1142 1748 1195 1792 et
1221 1743 1541 1791 exclamavi:
1582 1742 1626 1790 si
1653 1743 1828 1791 cloaca
1858 1759 2014 1803 esses,
2042 1743 2270 1791 maxima

280 1843 420 1876 esses
448 1866 457 1875 .
490 1866 499 1876 .
529 1866 539 1876 .
571 1828 682 1876 dixi
719 1828 999 1876 molestum
1035 1843 1116 1875 me
1155 1826 1380 1895 amplius
1419 1842 1524 1873 non
1555 1821 1815 1886 futurum,
1845 1825 1890 1873 51
1921 1825 2145 1874 iurasset
2176 1830 2266 1894 (sc.

282 1910 511 1975 Cestius)
540 1911 850 1959 disertiorem
877 1927 976 1958 esse
1010 1910 1294 1963 Ciceronem
1320 1926 1474 1971 quam
1499 1925 1562 1956 se.
1590 1924 1685 1956 nec
1722 1908 1818 1956 hoc
1854 1912 1914 1955 ut
1952 1908 2150 1956 faceret
2184 1909 2270 1956 vel

281 1992 392 2041 ioco
417 1993 504 2041 vel
529 1993 665 2042 serio
692 1993 823 2042 effici
850 1993 1039 2057 potuit.

350 2077 417 2125 34
455 2078 656 2126 fracta·
684 2109 692 2117 ·
721 2108 730 2117 ·
758 2078 1058 2126 deminuta:
1121 2076 1289 2123 These
1338 2080 1500 2123 terms
1551 2079 1656 2122 are*
1689 2074 1996 2138 frequently
2039 2076 2271 2138 grouped

281 2159 536 2221 together,
559 2176 601 2209 e.
622 2177 667 2222 g.
692 2159 795 2209 Cic.
818 2160 966 2207 Brut.
990 2160 1072 2219 83,
1096 2159 1196 2207 287
1219 2158 1346 2222 quid
1371 2162 1451 2205 est
1475 2147 1584 2205 tam
1610 2157 1851 2216 fractum,
1873 2161 1981 2204 tam
2008 2157 2271 2205 minutum
2304 2197 2309 2201 .

283 2241 345 2289 de
372 2242 456 2289 off.
485 2243 545 2289 II
572 2243 653 2303 11,
681 2243 747 2290 40
786 2258 942 2305 (1110111
969 2242 1021 2291 0.
1052 2241 1264 2289 Laelius
1293 2279 1302 2288 .
1333 2279 1341 2288 .
1374 2279 1383 2288 .
1412 2240 1574 2302 fregit
1601 2244 1653 2287 et
1679 2239 1986 2287 comminuit
2035 2240 2181 2288 Verr.
2212 2241 2271 2287 Π

282 2324 329 2384 4,
348 2327 430 2386 25,
443 2326 508 2373 56
537 2325 737 2373 fractus
765 2329 817 2373 et
843 2324 1192 2373 comminutus
1220 2329 1300 2372 est
1355 2318 1531 2380 Quint.
1560 2323 1673 2370 XII
1701 2323 1782 2382 11,
1810 2323 1841 2369 2
1869 2322 2057 2385 quibus
2085 2323 2270 2371 fractis

283 2411 373 2454 aut
412 2407 706 2473 imminutis
757 2409 841 2456 IX
866 2409 914 2468 4,
942 2408 1042 2456 113
1080 2407 1299 2455 minutis
1344 2406 1585 2470 passibus
1627 2405 1893 2467 frangunt.
1971 2405 2049 2454 Cf.
2090 2406 2201 2454 also
2228 2422 2267 2454 c.

266 2489 348 2538 39
379 2497 417 2537 8.
495 2491 576 2540 On
608 2491 699 2538 the
729 2490 1086 2553 orthography
1112 2489 1169 2538 of
1194 2488 1512 2537 ‘deminuta'
1540 2503 1616 2550 cp.
1648 2488 1892 2550 Georges,
1921 2487 2154 2536 Lexicon
2180 2489 2271 2536 der

282 2570 371 2619 lat.
400 2573 762 2621 Wortformen
788 2589 826 2621 5.
855 2590 901 2620 v.

353 2655 435 2705 27.
498 2656 527 2704 1
567 2670 751 2719 parce:
790 2655 894 2704 ‘let
918 2656 1036 2703 that
1062 2655 1216 2719 pass!

350 2738 383 2784 4
421 2739 636 2788 solitum
666 2742 897 2788 tractare
928 2739 1142 2788 dixisti:
1192 2737 1288 2785 viz.
1318 2753 1359 2785 c.
1394 2737 1458 2784 15
1487 2745 1551 2784 12.
1574 2767 1643 2772 --
1662 2737 1820 2799 plane
1850 2737 2058 2785 mitior:
2110 2738 2271 2800 plane
2310 2799 2312 2802 y

282 2818 414 2867 with
450 2821 804 2885 comparative
842 2821 898 2868 in
934 2821 1024 2869 the
1060 2836 1209 2868 sense
1236 2819 1293 2867 of
1330 2819 1549 2866 ‘multo'
1589 2818 1633 2866 is
1673 2818 1958 2882 especially
1985 2819 2272 2867 character-

283 2899 404 2950 istic
424 2903 482 2950 of
506 2904 816 2952 Tertullian.
876 2904 965 2966 Cp.
985 2902 1266 2963 Woelfflin,
1289 2901 1478 2949 Archiv
1498 2900 1525 2948 I
1553 2902 1618 2949 93
1636 2900 1688 2948 ff.
1712 2902 1827 2950 574.
1869 2901 2272 2950 Here=‘clear-
2343 2918 2345 2920 ·

281 2982 370 3046 ly,'
398 3000 483 3034 see
510 2991 632 3034 note
659 3002 699 3035 c.
729 2987 794 3035 26
821 2994 888 3036 32.
963 2985 1115 3034 With
1139 2986 1229 3033 the
1257 2983 1488 3047 stylistic
1518 2983 1653 3030 form
1680 2983 1737 3030 of
1771 2983 1862 3031 the
1901 2988 2160 3044 sentence,
2189 3001 2265 3047 cp.

282 3086 322 3119 0.
352 3069 418 3117 35
441 3076 492 3115 14
521 3070 682 3132 plane
708 3069 914 3117 leviores
939 3072 993 3116 et
1017 3068 1188 3115 minus
1213 3065 1523 3130 prudentiae
1552 3066 1813 3127 eaeiyenteS.
1888 3067 2071 3114 Mitior
2095 3082 2162 3114 sc.
2193 3068 2266 3116 ὤν.

248 3207 255 3218 Ι
284 3153 363 3203 Cf.
391 3156 514 3200 note
541 3167 581 3200 0.
611 3153 641 3201 9
666 3160 733 3199 20.

351 3236 382 3284 5
421 3238 729 3298 antequam·
753 3266 762 3276 ·
785 3266 794 3275 -
817 3234 1126 3284 offenderet:
1155 3233 1236 3282 On
1255 3231 1362 3279 this
1386 3231 1592 3294 imperf.
1614 3231 1745 3294 subj.
1767 3230 1905 3279 after
1926 3231 2267 3296 ‘antequam,'

283 3317 538 3379 although
561 3317 652 3365 the
691 3317 864 3365 clause
902 3316 947 3364 is
986 3320 1078 3364 not
1113 3314 1338 3377 directly
1365 3314 1662 3376 dependent
1700 3329 1842 3376 upon
1880 3314 1970 3362 the
2008 3314 2269 3377 principal

283 3400 422 3460 verb,
451 3399 518 3448 cf.
547 3399 616 3447 H.
646 3399 705 3446 Π
731 3400 796 3447 96
834 3398 1124 3458 nuntiatur,
1153 3396 1328 3444 missis
1362 3395 1623 3458 epistulis,
1650 3400 1931 3459 antequam
1968 3397 2269 3458 adgregare-

281 3486 368 3530 tur
416 3482 495 3531 IV
520 3482 585 3530 52
613 3481 792 3529 Titum
817 3486 1099 3543 antequam
1125 3479 1485 3541 digrederetur
1512 3516 1520 3525 .
1547 3516 1556 3525 .
1581 3515 1591 3525 .
1620 3493 1794 3526 orasse
1819 3478 1989 3526 fertur
2039 3480 2102 3526 79
2129 3479 2266 3526 unde

283 3568 451 3612 metus
490 3568 543 3611 et
585 3563 755 3611 iustae
799 3579 978 3626 preces
1029 3561 1387 3610 invocantium
1437 3564 1717 3622 antequam
1760 3560 2115 3622 accingeretur
2164 3561 2265 3608 and

282 3645 417 3707 Ihm,
464 3646 662 3706 Quaest.
695 3645 836 3709 Sym.
865 3661 914 3708 p.
942 3646 1008 3693 45
1028 3644 1082 3692 ff.
