<?xml version="1.0" encoding="UTF-8"?>
<!DOCTYPE html PUBLIC "-//W3C//DTD XHTML 1.0 Transitional//EN"
    "http://www.w3.org/TR/xhtml1/DTD/xhtml1-transitional.dtd">
<html xmlns="http://www.w3.org/1999/xhtml" xml:lang="en" lang="en">
 <head>
  <title>
</title>
<meta http-equiv="Content-Type" content="text/html;charset=utf-8" />
  <meta name='ocr-system' content='tesseract 3.04.00' />
  <meta name='ocr-capabilities' content='ocr_page ocr_carea ocr_par ocr_line ocrx_word'/>
</head>
<body>
  <div class='ocr_page' id='page_1' title='image "./pcorneliitacitid00taciuoft_0267.png"; bbox 0 0 2716 3964; ppageno 0'>
   <div class='ocr_carea' id='block_1_1' title="bbox 0 0 102 1422">
    <p class='ocr_par' dir='ltr' id='par_1_1' title="bbox 0 0 102 1422">
     <span class='ocr_line' id='line_1_1' title="bbox 0 0 102 1422; baseline 0 0"><span class='ocrx_word' id='word_1_1' title='bbox 0 0 102 1422; x_wconf 95' lang='lat' dir='ltr'><strong> </strong></span> 
     </span>
    </p>
   </div>
   <div class='ocr_carea' id='block_1_2' title="bbox 1254 246 2290 302">
    <p class='ocr_par' dir='ltr' id='par_1_2' title="bbox 1254 246 2290 302">
     <span class='ocr_line' id='line_1_2' title="bbox 1254 246 2290 302; baseline -0.003 0"><span class='ocrx_word' id='word_1_2' title='bbox 1254 261 1301 302; x_wconf 86' lang='grc'><strong>0.</strong></span> <span class='ocrx_word' id='word_1_3' title='bbox 1336 262 1375 302; x_wconf 84' lang='lat'><strong>9.</strong></span> <span class='ocrx_word' id='word_1_4' title='bbox 2182 246 2290 299; x_wconf 75' lang='grc'><strong>125</strong></span> 
     </span>
    </p>
   </div>
   <div class='ocr_carea' id='block_1_3' title="bbox 300 399 2299 3615">
    <p class='ocr_par' dir='ltr' id='par_1_3' title="bbox 300 399 2298 1695">
     <span class='ocr_line' id='line_1_3' title="bbox 373 399 2293 465; baseline 0.002 -16"><span class='ocrx_word' id='word_1_5' title='bbox 373 400 440 450; x_wconf 90' lang='grc'><strong>25</strong></span> <span class='ocrx_word' id='word_1_6' title='bbox 477 401 792 465; x_wconf 79' lang='lat' dir='ltr'><strong>Vespasiani</strong></span> <span class='ocrx_word' id='word_1_7' title='bbox 822 400 1230 450; x_wconf 77' lang='lat' dir='ltr'><strong>liberalitatem:</strong></span> <span class='ocrx_word' id='word_1_8' title='bbox 1270 399 1410 448; x_wconf 85' lang='lat' dir='ltr'><strong>Suet.</strong></span> <span class='ocrx_word' id='word_1_9' title='bbox 1440 401 1595 464; x_wconf 87' lang='lat' dir='ltr'><strong>Vesp.</strong></span> <span class='ocrx_word' id='word_1_10' title='bbox 1626 402 1688 450; x_wconf 89' lang='grc'><strong>18</strong></span> <span class='ocrx_word' id='word_1_11' title='bbox 1717 401 1752 450; x_wconf 84' lang='lat' dir='ltr'><strong>f.</strong></span> <span class='ocrx_word' id='word_1_12' title='bbox 1830 402 2051 465; x_wconf 82' lang='lat' dir='ltr'><strong>Ingenia</strong></span> <span class='ocrx_word' id='word_1_13' title='bbox 2077 408 2129 451; x_wconf 84' lang='lat' dir='ltr'><strong>et</strong></span> <span class='ocrx_word' id='word_1_14' title='bbox 2155 410 2293 453; x_wconf 82' lang='lat' dir='ltr'><strong>artes</strong></span> 
     </span>
     <span class='ocr_line' id='line_1_4' title="bbox 302 481 2293 548; baseline 0.002 -16"><span class='ocrx_word' id='word_1_15' title='bbox 302 483 389 532; x_wconf 91' lang='lat' dir='ltr'><strong>vel</strong></span> <span class='ocrx_word' id='word_1_16' title='bbox 429 483 655 532; x_wconf 84' lang='lat' dir='ltr'><strong>maxime</strong></span> <span class='ocrx_word' id='word_1_17' title='bbox 694 482 846 532; x_wconf 84' lang='lat' dir='ltr'><strong>fovit.</strong></span> <span class='ocrx_word' id='word_1_18' title='bbox 920 482 1130 530; x_wconf 86' lang='lat' dir='ltr'><strong>Primus</strong></span> <span class='ocrx_word' id='word_1_19' title='bbox 1169 498 1197 530; x_wconf 92' lang='lat' dir='ltr'><strong>e</strong></span> <span class='ocrx_word' id='word_1_20' title='bbox 1234 481 1358 531; x_wconf 90' lang='lat' dir='ltr'><strong>fisco</strong></span> <span class='ocrx_word' id='word_1_21' title='bbox 1396 482 1602 532; x_wconf 89' lang='lat' dir='ltr'><strong>Latinis</strong></span> <span class='ocrx_word' id='word_1_22' title='bbox 1643 483 1958 548; x_wconf 84' lang='lat' dir='ltr'><strong>Graecisque</strong></span> <span class='ocrx_word' id='word_1_23' title='bbox 1997 486 2293 535; x_wconf 72' lang='lat' dir='ltr'><strong>rhetoribus</strong></span> 
     </span>
     <span class='ocr_line' id='line_1_5' title="bbox 302 564 2294 629; baseline 0.002 -14"><span class='ocrx_word' id='word_1_24' title='bbox 302 582 477 615; x_wconf 91' lang='lat' dir='ltr'><strong>annua</strong></span> <span class='ocrx_word' id='word_1_25' title='bbox 519 570 739 615; x_wconf 90' lang='lat' dir='ltr'><strong>centena</strong></span> <span class='ocrx_word' id='word_1_26' title='bbox 780 564 1070 614; x_wconf 89' lang='lat' dir='ltr'><strong>constituit.</strong></span> <span class='ocrx_word' id='word_1_27' title='bbox 1146 565 1486 614; x_wconf 90' lang='lat' dir='ltr'><strong>Praestantes</strong></span> <span class='ocrx_word' id='word_1_28' title='bbox 1519 572 1701 629; x_wconf 90' lang='lat' dir='ltr'><strong>poetas</strong></span> <span class='ocrx_word' id='word_1_29' title='bbox 1728 585 1822 617; x_wconf 90' lang='grc'><strong>1166</strong></span> <span class='ocrx_word' id='word_1_30' title='bbox 1847 586 1953 617; x_wconf 88' lang='grc'><strong>11011</strong></span> <span class='ocrx_word' id='word_1_31' title='bbox 1979 574 2032 618; x_wconf 89' lang='lat' dir='ltr'><strong>et</strong></span> <span class='ocrx_word' id='word_1_32' title='bbox 2068 570 2294 619; x_wconf 91' lang='lat' dir='ltr'><strong>artifices</strong></span> 
     </span>
     <span class='ocr_line' id='line_1_6' title="bbox 304 647 2295 716; baseline 0.002 -18"><span class='ocrx_word' id='word_1_33' title='bbox 304 650 437 699; x_wconf 83' lang='lat' dir='ltr'><strong>Coae</strong></span> <span class='ocrx_word' id='word_1_34' title='bbox 463 648 700 710; x_wconf 81' lang='lat' dir='ltr'><strong>Veneris,</strong></span> <span class='ocrx_word' id='word_1_35' title='bbox 729 648 857 696; x_wconf 91' lang='lat' dir='ltr'><strong>item</strong></span> <span class='ocrx_word' id='word_1_36' title='bbox 884 647 1087 698; x_wconf 85' lang='lat' dir='ltr'><strong>Colossi</strong></span> <span class='ocrx_word' id='word_1_37' title='bbox 1124 647 1435 696; x_wconf 73' lang='lat' dir='ltr'><strong>refectorem</strong></span> <span class='ocrx_word' id='word_1_38' title='bbox 1466 648 1663 711; x_wconf 84' lang='lat' dir='ltr'><strong>insigni</strong></span> <span class='ocrx_word' id='word_1_39' title='bbox 1701 649 1965 712; x_wconf 90' lang='lat' dir='ltr'><strong>congiario</strong></span> <span class='ocrx_word' id='word_1_40' title='bbox 2005 668 2295 716; x_wconf 88' lang='lat' dir='ltr'><strong>magnaque</strong></span> 
     </span>
     <span class='ocr_line' id='line_1_7' title="bbox 301 730 2293 799; baseline 0.003 -19"><span class='ocrx_word' id='word_1_41' title='bbox 301 733 537 782; x_wconf 81' lang='lat' dir='ltr'><strong>mercede</strong></span> <span class='ocrx_word' id='word_1_42' title='bbox 576 730 990 781; x_wconf 69' lang='lat' dir='ltr'><strong>donavit—On</strong></span> <span class='ocrx_word' id='word_1_43' title='bbox 1031 730 1122 779; x_wconf 92' lang='lat' dir='ltr'><strong>the</strong></span> <span class='ocrx_word' id='word_1_44' title='bbox 1163 730 1461 794; x_wconf 85' lang='lat' dir='ltr'><strong>proverbial</strong></span> <span class='ocrx_word' id='word_1_45' title='bbox 1503 736 1723 796; x_wconf 87' lang='lat' dir='ltr'><strong>poverty</strong></span> <span class='ocrx_word' id='word_1_46' title='bbox 1763 733 1820 781; x_wconf 82' lang='lat' dir='ltr'><strong>of</strong></span> <span class='ocrx_word' id='word_1_47' title='bbox 1859 738 2024 796; x_wconf 84' lang='lat' dir='ltr'><strong>poets,</strong></span> <span class='ocrx_word' id='word_1_48' title='bbox 2059 751 2145 784; x_wconf 89' lang='lat' dir='ltr'><strong>see</strong></span> <span class='ocrx_word' id='word_1_49' title='bbox 2182 752 2224 784; x_wconf 91' lang='grc'><strong>6.</strong></span> <span class='ocrx_word' id='word_1_50' title='bbox 2248 754 2293 799; x_wconf 89' lang='grc'><strong>8.</strong></span> 
     </span>
     <span class='ocr_line' id='line_1_8' title="bbox 303 815 2295 882; baseline 0.002 -18"><span class='ocrx_word' id='word_1_51' title='bbox 303 815 440 865; x_wconf 88' lang='lat' dir='ltr'><strong>Ovid</strong></span> <span class='ocrx_word' id='word_1_52' title='bbox 483 815 639 864; x_wconf 84' lang='lat' dir='ltr'><strong>Trist.</strong></span> <span class='ocrx_word' id='word_1_53' title='bbox 682 815 762 866; x_wconf 92' lang='lat' dir='ltr'><strong>IV</strong></span> <span class='ocrx_word' id='word_1_54' title='bbox 799 815 880 876; x_wconf 88' lang='grc'><strong>10,</strong></span> <span class='ocrx_word' id='word_1_55' title='bbox 918 815 984 865; x_wconf 88' lang='grc'><strong>21</strong></span> <span class='ocrx_word' id='word_1_56' title='bbox 1029 831 1184 879; x_wconf 87' lang='lat' dir='ltr'><strong>saepe</strong></span> <span class='ocrx_word' id='word_1_57' title='bbox 1234 819 1384 879; x_wconf 91' lang='lat' dir='ltr'><strong>pater</strong></span> <span class='ocrx_word' id='word_1_58' title='bbox 1422 816 1587 864; x_wconf 86' lang='lat' dir='ltr'><strong>dixit:</strong></span> <span class='ocrx_word' id='word_1_59' title='bbox 1639 816 1895 866; x_wconf 69' lang='lat' dir='ltr'><strong>‘studium</strong></span> <span class='ocrx_word' id='word_1_60' title='bbox 1941 819 2069 882; x_wconf 88' lang='lat' dir='ltr'><strong>quid</strong></span> <span class='ocrx_word' id='word_1_61' title='bbox 2107 819 2295 868; x_wconf 90' lang='lat' dir='ltr'><strong>inutile</strong></span> 
     </span>
     <span class='ocr_line' id='line_1_9' title="bbox 300 898 2294 968; baseline 0.002 -21"><span class='ocrx_word' id='word_1_62' title='bbox 300 903 528 961; x_wconf 87' lang='lat' dir='ltr'><strong>temptas</strong></span> <span class='ocrx_word' id='word_1_63' title='bbox 553 900 579 948; x_wconf 77' lang='lat'><strong>⁸?</strong></span> <span class='ocrx_word' id='word_1_64' title='bbox 612 898 618 968; x_wconf 68' lang='grc' dir='ltr'>Ι</span> <span class='ocrx_word' id='word_1_65' title='bbox 651 898 958 947; x_wconf 84' lang='lat' dir='ltr'><strong>Maeonides</strong></span> <span class='ocrx_word' id='word_1_66' title='bbox 985 898 1156 947; x_wconf 88' lang='lat' dir='ltr'><strong>nullas</strong></span> <span class='ocrx_word' id='word_1_67' title='bbox 1186 898 1300 962; x_wconf 89' lang='lat' dir='ltr'><strong>ipse</strong></span> <span class='ocrx_word' id='word_1_68' title='bbox 1331 899 1547 963; x_wconf 89' lang='lat' dir='ltr'><strong>reliquit</strong></span> <span class='ocrx_word' id='word_1_69' title='bbox 1579 900 1735 967; x_wconf 87' lang='lat' dir='ltr'><strong>opes.⁷</strong></span> <span class='ocrx_word' id='word_1_70' title='bbox 1810 902 2019 949; x_wconf 87' lang='lat' dir='ltr'><strong>Petron.</strong></span> <span class='ocrx_word' id='word_1_71' title='bbox 2049 903 2114 951; x_wconf 88' lang='lat'><strong>83</strong></span> <span class='ocrx_word' id='word_1_72' title='bbox 2142 902 2153 922; x_wconf 70' lang='lat'><strong>²</strong></span> <span class='ocrx_word' id='word_1_73' title='bbox 2171 918 2265 965; x_wconf 91' lang='lat' dir='ltr'><strong>ego</strong></span> <span class='ocrx_word' id='word_1_74' title='bbox 2283 904 2294 926; x_wconf 87' lang='lat'><em>⁷</em></span> 
     </span>
     <span class='ocr_line' id='line_1_10' title="bbox 300 981 2296 1046; baseline 0.002 -17"><span class='ocrx_word' id='word_1_75' title='bbox 300 981 476 1045; x_wconf 88' lang='lat' dir='ltr'><strong>inquit</strong></span> <span class='ocrx_word' id='word_1_76' title='bbox 503 981 514 1001; x_wconf 66' lang='lat'><em>³</em></span> <span class='ocrx_word' id='word_1_77' title='bbox 531 986 687 1045; x_wconf 90' lang='lat' dir='ltr'><strong>poeta</strong></span> <span class='ocrx_word' id='word_1_78' title='bbox 714 981 852 1030; x_wconf 87' lang='lat' dir='ltr'><strong>sum&#39;</strong></span> <span class='ocrx_word' id='word_1_79' title='bbox 875 1019 886 1029; x_wconf 96' lang='lat'><strong>.</strong></span> <span class='ocrx_word' id='word_1_80' title='bbox 915 1019 925 1030; x_wconf 89' lang='lat'><strong>.</strong></span> <span class='ocrx_word' id='word_1_81' title='bbox 957 1019 967 1030; x_wconf 94' lang='lat'><strong>.</strong></span> <span class='ocrx_word' id='word_1_82' title='bbox 997 981 1178 1045; x_wconf 73' lang='lat' dir='ltr'><strong>‘quare</strong></span> <span class='ocrx_word' id='word_1_83' title='bbox 1206 997 1327 1045; x_wconf 90' lang='grc'><strong>6180</strong></span> <span class='ocrx_word' id='word_1_84' title='bbox 1345 982 1358 1007; x_wconf 83' lang='lat'><em>&#39;</em></span> <span class='ocrx_word' id='word_1_85' title='bbox 1387 982 1563 1046; x_wconf 86' lang='lat' dir='ltr'><strong>inquis</strong></span> <span class='ocrx_word' id='word_1_86' title='bbox 1592 983 1603 1002; x_wconf 73' lang='grc'><em>“</em></span> <span class='ocrx_word' id='word_1_87' title='bbox 1620 988 1729 1031; x_wconf 90' lang='lat' dir='ltr'><strong>tam</strong></span> <span class='ocrx_word' id='word_1_88' title='bbox 1756 984 1891 1032; x_wconf 88' lang='lat' dir='ltr'><strong>male</strong></span> <span class='ocrx_word' id='word_1_89' title='bbox 1918 985 2144 1033; x_wconf 89' lang='lat' dir='ltr'><strong>vestitus</strong></span> <span class='ocrx_word' id='word_1_90' title='bbox 2170 1001 2225 1033; x_wconf 89' lang='lat' dir='ltr'><strong>es</strong></span> <span class='ocrx_word' id='word_1_91' title='bbox 2242 986 2296 1034; x_wconf 82' lang='lat'><strong>?’</strong></span> 
     </span>
     <span class='ocr_line' id='line_1_11' title="bbox 303 1064 2297 1130; baseline 0.003 -19"><span class='ocrx_word' id='word_1_92' title='bbox 303 1069 546 1128; x_wconf 85' lang='lat' dir='ltr'><strong>‘propter</strong></span> <span class='ocrx_word' id='word_1_93' title='bbox 594 1065 691 1113; x_wconf 92' lang='lat' dir='ltr'><strong>hoc</strong></span> <span class='ocrx_word' id='word_1_94' title='bbox 741 1064 929 1128; x_wconf 90' lang='lat' dir='ltr'><strong>ipsum.</strong></span> <span class='ocrx_word' id='word_1_95' title='bbox 1022 1064 1185 1112; x_wconf 89' lang='lat' dir='ltr'><strong>Amor</strong></span> <span class='ocrx_word' id='word_1_96' title='bbox 1228 1064 1429 1128; x_wconf 89' lang='lat' dir='ltr'><strong>ingenii</strong></span> <span class='ocrx_word' id='word_1_97' title='bbox 1480 1066 1742 1114; x_wconf 88' lang='lat' dir='ltr'><strong>neminem</strong></span> <span class='ocrx_word' id='word_1_98' title='bbox 1784 1084 2033 1130; x_wconf 87' lang='lat' dir='ltr'><strong>umquam</strong></span> <span class='ocrx_word' id='word_1_99' title='bbox 2077 1068 2297 1117; x_wconf 89' lang='lat' dir='ltr'><strong>divitem</strong></span> 
     </span>
     <span class='ocr_line' id='line_1_12' title="bbox 300 1147 2298 1211; baseline 0.003 -17"><span class='ocrx_word' id='word_1_100' title='bbox 300 1147 464 1196; x_wconf 59' lang='lat' dir='ltr'><strong>facit?</strong></span> <span class='ocrx_word' id='word_1_101' title='bbox 538 1149 695 1195; x_wconf 91' lang='lat' dir='ltr'><strong>Mart.</strong></span> <span class='ocrx_word' id='word_1_102' title='bbox 738 1148 767 1195; x_wconf 92' lang='lat' dir='ltr'><strong>I</strong></span> <span class='ocrx_word' id='word_1_103' title='bbox 806 1149 887 1209; x_wconf 93' lang='grc'><strong>76,</strong></span> <span class='ocrx_word' id='word_1_104' title='bbox 927 1148 958 1196; x_wconf 89' lang='grc'>5</span> <span class='ocrx_word' id='word_1_105' title='bbox 1003 1147 1132 1211; x_wconf 89' lang='lat' dir='ltr'><strong>quid</strong></span> <span class='ocrx_word' id='word_1_106' title='bbox 1170 1147 1307 1211; x_wconf 91' lang='lat' dir='ltr'><strong>petis</strong></span> <span class='ocrx_word' id='word_1_107' title='bbox 1348 1164 1379 1197; x_wconf 95' lang='lat' dir='ltr'><strong>a</strong></span> <span class='ocrx_word' id='word_1_108' title='bbox 1415 1149 1625 1197; x_wconf 87' lang='lat' dir='ltr'><strong>Phoebo</strong></span> <span class='ocrx_word' id='word_1_109' title='bbox 1646 1151 1671 1197; x_wconf 80' lang='lat'><strong>⁶?</strong></span> <span class='ocrx_word' id='word_1_110' title='bbox 1708 1166 1945 1198; x_wconf 91' lang='lat' dir='ltr'><strong>nummos</strong></span> <span class='ocrx_word' id='word_1_111' title='bbox 1984 1151 2143 1199; x_wconf 90' lang='lat' dir='ltr'><strong>habet</strong></span> <span class='ocrx_word' id='word_1_112' title='bbox 2179 1167 2298 1200; x_wconf 90' lang='lat' dir='ltr'><strong>arca</strong></span> 
     </span>
     <span class='ocr_line' id='line_1_13' title="bbox 302 1229 2296 1300; baseline 0.002 -22"><span class='ocrx_word' id='word_1_113' title='bbox 302 1230 544 1279; x_wconf 90' lang='lat' dir='ltr'><strong>Minerva</strong></span> <span class='ocrx_word' id='word_1_114' title='bbox 577 1229 582 1300; x_wconf 86' lang='grc' dir='ltr'>Ι</span> <span class='ocrx_word' id='word_1_115' title='bbox 615 1230 742 1279; x_wconf 88' lang='grc'><strong>11366</strong></span> <span class='ocrx_word' id='word_1_116' title='bbox 769 1230 924 1294; x_wconf 85' lang='lat' dir='ltr'><strong>sapit,</strong></span> <span class='ocrx_word' id='word_1_117' title='bbox 951 1231 1079 1279; x_wconf 90' lang='lat' dir='ltr'><strong>haec</strong></span> <span class='ocrx_word' id='word_1_118' title='bbox 1106 1247 1283 1279; x_wconf 90' lang='lat' dir='ltr'><strong>omnes</strong></span> <span class='ocrx_word' id='word_1_119' title='bbox 1310 1231 1517 1280; x_wconf 83' lang='lat' dir='ltr'><strong>fenerat</strong></span> <span class='ocrx_word' id='word_1_120' title='bbox 1541 1248 1645 1281; x_wconf 89' lang='lat' dir='ltr'><strong>una</strong></span> <span class='ocrx_word' id='word_1_121' title='bbox 1670 1233 1792 1280; x_wconf 87' lang='lat' dir='ltr'><strong>deos</strong></span> <span class='ocrx_word' id='word_1_122' title='bbox 1815 1234 1878 1281; x_wconf 85' lang='lat'><strong>11</strong></span> <span class='ocrx_word' id='word_1_123' title='bbox 1902 1234 2030 1297; x_wconf 90' lang='lat' dir='ltr'><strong>quid</strong></span> <span class='ocrx_word' id='word_1_124' title='bbox 2054 1234 2154 1282; x_wconf 90' lang='lat' dir='ltr'><strong>tibi</strong></span> <span class='ocrx_word' id='word_1_125' title='bbox 2180 1250 2296 1282; x_wconf 89' lang='lat' dir='ltr'><strong>cum</strong></span> 
     </span>
     <span class='ocr_line' id='line_1_14' title="bbox 302 1313 2296 1384; baseline 0.001 -20"><span class='ocrx_word' id='word_1_126' title='bbox 302 1314 504 1377; x_wconf 87' lang='lat' dir='ltr'><strong>Cyrrha</strong></span> <span class='ocrx_word' id='word_1_127' title='bbox 519 1315 545 1362; x_wconf 88' lang='lat'>?</span> <span class='ocrx_word' id='word_1_128' title='bbox 571 1313 701 1377; x_wconf 88' lang='lat' dir='ltr'><strong>quid</strong></span> <span class='ocrx_word' id='word_1_129' title='bbox 720 1330 837 1362; x_wconf 89' lang='lat' dir='ltr'><strong>cum</strong></span> <span class='ocrx_word' id='word_1_130' title='bbox 856 1314 1188 1362; x_wconf 87' lang='lat' dir='ltr'><strong>Permesside</strong></span> <span class='ocrx_word' id='word_1_131' title='bbox 1208 1315 1350 1363; x_wconf 91' lang='lat' dir='ltr'><strong>nuda</strong></span> <span class='ocrx_word' id='word_1_132' title='bbox 1382 1313 1387 1384; x_wconf 81' lang='grc' dir='ltr'>Ι</span> <span class='ocrx_word' id='word_1_133' title='bbox 1421 1316 1716 1363; x_wconf 87' lang='lat' dir='ltr'><strong>Romanum</strong></span> <span class='ocrx_word' id='word_1_134' title='bbox 1735 1316 1950 1380; x_wconf 91' lang='lat' dir='ltr'><strong>propius</strong></span> <span class='ocrx_word' id='word_1_135' title='bbox 1972 1316 2296 1381; x_wconf 87' lang='lat' dir='ltr'><strong>divitiusque</strong></span> 
     </span>
     <span class='ocr_line' id='line_1_15' title="bbox 300 1396 2298 1470; baseline 0.003 -27"><span class='ocrx_word' id='word_1_136' title='bbox 300 1396 476 1444; x_wconf 85' lang='lat' dir='ltr'><strong>forum</strong></span> <span class='ocrx_word' id='word_1_137' title='bbox 513 1401 606 1446; x_wconf 90' lang='lat' dir='ltr'><strong>est.</strong></span> <span class='ocrx_word' id='word_1_138' title='bbox 689 1398 742 1445; x_wconf 94' lang='lat' dir='ltr'>X</span> <span class='ocrx_word' id='word_1_139' title='bbox 781 1398 863 1458; x_wconf 82' lang='lat'><strong>76,</strong></span> <span class='ocrx_word' id='word_1_140' title='bbox 905 1397 936 1445; x_wconf 88' lang='grc'><strong><em>5</em></strong></span> <span class='ocrx_word' id='word_1_141' title='bbox 982 1396 1239 1445; x_wconf 90' lang='lat' dir='ltr'><strong>iucundus</strong></span> <span class='ocrx_word' id='word_1_142' title='bbox 1280 1398 1488 1461; x_wconf 85' lang='lat' dir='ltr'><strong>probus,</strong></span> <span class='ocrx_word' id='word_1_143' title='bbox 1534 1398 1782 1447; x_wconf 81' lang='lat' dir='ltr'><strong>innocens</strong></span> <span class='ocrx_word' id='word_1_144' title='bbox 1821 1399 2017 1448; x_wconf 88' lang='lat' dir='ltr'><strong>amicus</strong></span> <span class='ocrx_word' id='word_1_145' title='bbox 2052 1398 2058 1470; x_wconf 82' lang='grc' dir='ltr'>Ι</span> <span class='ocrx_word' id='word_1_146' title='bbox 2092 1400 2298 1463; x_wconf 87' lang='lat' dir='ltr'><strong>Lingua</strong></span> 
     </span>
     <span class='ocr_line' id='line_1_16' title="bbox 301 1478 2291 1554; baseline 0.003 -26"><span class='ocrx_word' id='word_1_147' title='bbox 301 1480 484 1528; x_wconf 90' lang='lat' dir='ltr'><strong>doctus</strong></span> <span class='ocrx_word' id='word_1_148' title='bbox 505 1484 728 1543; x_wconf 87' lang='lat' dir='ltr'><strong>utraque</strong></span> <span class='ocrx_word' id='word_1_149' title='bbox 755 1480 902 1529; x_wconf 93' lang='lat' dir='ltr'><strong>cuius</strong></span> <span class='ocrx_word' id='word_1_150' title='bbox 928 1497 1092 1528; x_wconf 92' lang='lat' dir='ltr'><strong>unum</strong></span> <span class='ocrx_word' id='word_1_151' title='bbox 1118 1484 1199 1528; x_wconf 90' lang='lat' dir='ltr'><strong>est</strong></span> <span class='ocrx_word' id='word_1_152' title='bbox 1221 1478 1227 1550; x_wconf 74' lang='grc' dir='ltr'>Ι</span> <span class='ocrx_word' id='word_1_153' title='bbox 1251 1481 1343 1529; x_wconf 91' lang='lat' dir='ltr'><strong>sed</strong></span> <span class='ocrx_word' id='word_1_154' title='bbox 1368 1497 1614 1544; x_wconf 91' lang='lat' dir='ltr'><strong>magnum</strong></span> <span class='ocrx_word' id='word_1_155' title='bbox 1634 1482 1825 1530; x_wconf 91' lang='lat' dir='ltr'><strong>vitium</strong></span> <span class='ocrx_word' id='word_1_156' title='bbox 1852 1483 1991 1546; x_wconf 92' lang='lat' dir='ltr'><strong>quod</strong></span> <span class='ocrx_word' id='word_1_157' title='bbox 2016 1488 2096 1532; x_wconf 91' lang='lat' dir='ltr'><strong>est</strong></span> <span class='ocrx_word' id='word_1_158' title='bbox 2116 1483 2291 1554; x_wconf 64' lang='lat' dir='ltr'><strong>poeta!</strong></span> 
     </span>
     <span class='ocr_line' id='line_1_17' title="bbox 300 1562 2296 1628; baseline 0.002 -18"><span class='ocrx_word' id='word_1_159' title='bbox 300 1562 450 1611; x_wconf 93' lang='lat' dir='ltr'><strong>Pallo</strong></span> <span class='ocrx_word' id='word_1_160' title='bbox 481 1563 722 1612; x_wconf 89' lang='lat' dir='ltr'><strong>Maevius</strong></span> <span class='ocrx_word' id='word_1_161' title='bbox 750 1563 890 1626; x_wconf 91' lang='lat' dir='ltr'><strong>alget</strong></span> <span class='ocrx_word' id='word_1_162' title='bbox 915 1563 972 1610; x_wconf 93' lang='lat' dir='ltr'><strong>in</strong></span> <span class='ocrx_word' id='word_1_163' title='bbox 997 1563 1214 1612; x_wconf 86' lang='lat' dir='ltr'><strong>cucullo.</strong></span> <span class='ocrx_word' id='word_1_164' title='bbox 1291 1564 1406 1613; x_wconf 89' lang='lat' dir='ltr'><strong>Iuv.</strong></span> <span class='ocrx_word' id='word_1_165' title='bbox 1434 1564 1544 1613; x_wconf 89' lang='lat' dir='ltr'><strong>VII</strong></span> <span class='ocrx_word' id='word_1_166' title='bbox 1571 1565 1754 1614; x_wconf 86' lang='grc'><strong>16-97.</strong></span> <span class='ocrx_word' id='word_1_167' title='bbox 1832 1566 1922 1628; x_wconf 88' lang='lat' dir='ltr'><strong>Cp.</strong></span> <span class='ocrx_word' id='word_1_168' title='bbox 1952 1566 2296 1615; x_wconf 79' lang='lat' dir='ltr'><strong>Friedlander</strong></span> 
     </span>
     <span class='ocr_line' id='line_1_18' title="bbox 300 1646 744 1695; baseline 0.002 -2"><span class='ocrx_word' id='word_1_169' title='bbox 300 1646 392 1693; x_wconf 89' lang='lat' dir='ltr'><strong>III</strong></span> <span class='ocrx_word' id='word_1_170' title='bbox 417 1646 518 1695; x_wconf 84' lang='lat'><strong>429</strong></span> <span class='ocrx_word' id='word_1_171' title='bbox 546 1646 600 1694; x_wconf 86' lang='lat' dir='ltr'><strong>ff.</strong></span> <span class='ocrx_word' id='word_1_172' title='bbox 629 1647 744 1695; x_wconf 85' lang='lat'><strong>491.</strong></span> 
     </span>
    </p>

    <p class='ocr_par' dir='ltr' id='par_1_4' title="bbox 300 1728 2298 2868">
     <span class='ocr_line' id='line_1_19' title="bbox 369 1728 2297 1797; baseline 0.002 -20"><span class='ocrx_word' id='word_1_173' title='bbox 369 1728 437 1778; x_wconf 88' lang='grc'><strong>26</strong></span> <span class='ocrx_word' id='word_1_174' title='bbox 475 1730 612 1793; x_wconf 86' lang='lat' dir='ltr'><strong>quod</strong></span> <span class='ocrx_word' id='word_1_175' title='bbox 642 1730 910 1780; x_wconf 82' lang='lat' dir='ltr'><strong>donasset:</strong></span> <span class='ocrx_word' id='word_1_176' title='bbox 952 1729 1202 1792; x_wconf 85' lang='lat' dir='ltr'><strong>Relating</strong></span> <span class='ocrx_word' id='word_1_177' title='bbox 1231 1734 1286 1778; x_wconf 95' lang='lat' dir='ltr'><strong>to</strong></span> <span class='ocrx_word' id='word_1_178' title='bbox 1315 1730 1407 1778; x_wconf 91' lang='lat' dir='ltr'><strong>the</strong></span> <span class='ocrx_word' id='word_1_179' title='bbox 1440 1731 1674 1779; x_wconf 87' lang='lat' dir='ltr'><strong>remarks</strong></span> <span class='ocrx_word' id='word_1_180' title='bbox 1701 1732 1850 1779; x_wconf 90' lang='lat' dir='ltr'><strong>made</strong></span> <span class='ocrx_word' id='word_1_181' title='bbox 1878 1736 1932 1780; x_wconf 92' lang='lat' dir='ltr'><strong>at</strong></span> <span class='ocrx_word' id='word_1_182' title='bbox 1956 1733 2047 1781; x_wconf 92' lang='lat' dir='ltr'><strong>the</strong></span> <span class='ocrx_word' id='word_1_183' title='bbox 2073 1733 2201 1781; x_wconf 89' lang='lat' dir='ltr'><strong>time</strong></span> <span class='ocrx_word' id='word_1_184' title='bbox 2227 1734 2297 1797; x_wconf 93' lang='lat' dir='ltr'><strong>by</strong></span> 
     </span>
     <span class='ocr_line' id='line_1_20' title="bbox 308 1808 2295 1877; baseline 0.002 -17"><span class='ocrx_word' id='word_1_185' title='bbox 308 1811 445 1875; x_wconf 85' lang='lat' dir='ltr'><strong>Aper</strong></span> <span class='ocrx_word' id='word_1_186' title='bbox 481 1812 587 1860; x_wconf 91' lang='lat' dir='ltr'><strong>and</strong></span> <span class='ocrx_word' id='word_1_187' title='bbox 623 1812 817 1874; x_wconf 87' lang='lat' dir='ltr'><strong>others,</strong></span> <span class='ocrx_word' id='word_1_188' title='bbox 856 1812 1019 1861; x_wconf 90' lang='lat' dir='ltr'><strong>hence</strong></span> <span class='ocrx_word' id='word_1_189' title='bbox 1057 1812 1149 1861; x_wconf 90' lang='lat' dir='ltr'><strong>the</strong></span> <span class='ocrx_word' id='word_1_190' title='bbox 1188 1813 1320 1877; x_wconf 83' lang='lat' dir='ltr'><strong>subj.</strong></span> <span class='ocrx_word' id='word_1_191' title='bbox 1398 1808 1466 1861; x_wconf 89' lang='lat' dir='ltr'><strong>H.</strong></span> <span class='ocrx_word' id='word_1_192' title='bbox 1497 1814 1651 1862; x_wconf 82' lang='grc'><strong>1175</strong></span> <span class='ocrx_word' id='word_1_193' title='bbox 1690 1815 1830 1877; x_wconf 87' lang='lat' dir='ltr'><strong>apud</strong></span> <span class='ocrx_word' id='word_1_194' title='bbox 1864 1815 2026 1864; x_wconf 92' lang='lat' dir='ltr'><strong>bonos</strong></span> <span class='ocrx_word' id='word_1_195' title='bbox 2064 1816 2295 1864; x_wconf 85' lang='lat' dir='ltr'><strong>invidiae</strong></span> 
     </span>
     <span class='ocr_line' id='line_1_21' title="bbox 300 1894 2297 1960; baseline 0.003 -18"><span class='ocrx_word' id='word_1_196' title='bbox 300 1894 406 1943; x_wconf 85' lang='lat' dir='ltr'><strong>fuit</strong></span> <span class='ocrx_word' id='word_1_197' title='bbox 443 1896 618 1959; x_wconf 86' lang='lat' dir='ltr'><strong>quod.</strong></span> <span class='ocrx_word' id='word_1_198' title='bbox 660 1933 670 1943; x_wconf 88' lang='lat'><strong>.</strong></span> <span class='ocrx_word' id='word_1_199' title='bbox 712 1933 722 1944; x_wconf 89' lang='lat'><strong>.</strong></span> <span class='ocrx_word' id='word_1_200' title='bbox 752 1895 968 1944; x_wconf 85' lang='lat' dir='ltr'><strong>fecisset</strong></span> <span class='ocrx_word' id='word_1_201' title='bbox 1015 1895 1152 1943; x_wconf 88' lang='lat' dir='ltr'><strong>Ann.</strong></span> <span class='ocrx_word' id='word_1_202' title='bbox 1199 1896 1227 1943; x_wconf 96' lang='lat' dir='ltr'><strong>I</strong></span> <span class='ocrx_word' id='word_1_203' title='bbox 1268 1897 1333 1944; x_wconf 84' lang='lat'><strong>52</strong></span> <span class='ocrx_word' id='word_1_204' title='bbox 1372 1897 1463 1944; x_wconf 90' lang='lat' dir='ltr'><strong>sed</strong></span> <span class='ocrx_word' id='word_1_205' title='bbox 1501 1897 1674 1959; x_wconf 87' lang='lat' dir='ltr'><strong>quod.</strong></span> <span class='ocrx_word' id='word_1_206' title='bbox 1716 1935 1726 1944; x_wconf 95' lang='lat'><strong>.</strong></span> <span class='ocrx_word' id='word_1_207' title='bbox 1769 1935 1779 1945; x_wconf 92' lang='lat'><strong>.</strong></span> <span class='ocrx_word' id='word_1_208' title='bbox 1809 1898 2297 1960; x_wconf 88' lang='lat' dir='ltr'><strong>quaesivissent.—</strong></span> 
     </span>
     <span class='ocr_line' id='line_1_22' title="bbox 301 1976 2294 2045; baseline 0.002 -18"><span class='ocrx_word' id='word_1_209' title='bbox 301 1978 696 2042; x_wconf 84' lang='lat' dir='ltr'><strong>indulgentiam</strong></span> <span class='ocrx_word' id='word_1_210' title='bbox 726 1976 1298 2042; x_wconf 69' lang='lat' dir='ltr'><strong>principis—mereri?</strong></span> <span class='ocrx_word' id='word_1_211' title='bbox 1352 1980 1482 2027; x_wconf 86' lang='lat' dir='ltr'><strong>Stat.</strong></span> <span class='ocrx_word' id='word_1_212' title='bbox 1532 1979 1656 2027; x_wconf 85' lang='lat' dir='ltr'><strong>Silv.</strong></span> <span class='ocrx_word' id='word_1_213' title='bbox 1703 1981 1751 2029; x_wconf 94' lang='lat' dir='ltr'><strong>V</strong></span> <span class='ocrx_word' id='word_1_214' title='bbox 1787 1981 1835 2042; x_wconf 85' lang='lat'><strong>2,</strong></span> <span class='ocrx_word' id='word_1_215' title='bbox 1881 1981 1981 2030; x_wconf 89' lang='grc'><strong>125</strong></span> <span class='ocrx_word' id='word_1_216' title='bbox 2026 1998 2147 2045; x_wconf 87' lang='grc'><strong>6180</strong></span> <span class='ocrx_word' id='word_1_217' title='bbox 2186 1999 2294 2045; x_wconf 88' lang='grc'><strong>386,</strong></span> 
     </span>
     <span class='ocr_line' id='line_1_23' title="bbox 300 2060 2294 2127; baseline 0.003 -19"><span class='ocrx_word' id='word_1_218' title='bbox 300 2076 422 2109; x_wconf 82' lang='grc'><strong>113111</strong></span> <span class='ocrx_word' id='word_1_219' title='bbox 461 2061 638 2124; x_wconf 89' lang='grc'><strong>11138111</strong></span> <span class='ocrx_word' id='word_1_220' title='bbox 678 2061 824 2110; x_wconf 89' lang='lat' dir='ltr'><strong>ducis</strong></span> <span class='ocrx_word' id='word_1_221' title='bbox 865 2060 1198 2124; x_wconf 86' lang='lat' dir='ltr'><strong>indulgentia</strong></span> <span class='ocrx_word' id='word_1_222' title='bbox 1234 2062 1426 2125; x_wconf 89' lang='lat' dir='ltr'><strong>pulsat.</strong></span> <span class='ocrx_word' id='word_1_223' title='bbox 1516 2062 1770 2111; x_wconf 89' lang='lat' dir='ltr'><strong>Imitated</strong></span> <span class='ocrx_word' id='word_1_224' title='bbox 1810 2063 1881 2127; x_wconf 90' lang='lat' dir='ltr'><strong>by</strong></span> <span class='ocrx_word' id='word_1_225' title='bbox 1925 2065 2038 2113; x_wconf 88' lang='lat' dir='ltr'><strong>Iuv.</strong></span> <span class='ocrx_word' id='word_1_226' title='bbox 2080 2066 2189 2115; x_wconf 92' lang='lat' dir='ltr'><strong>VII</strong></span> <span class='ocrx_word' id='word_1_227' title='bbox 2230 2067 2294 2113; x_wconf 89' lang='grc'><strong>21</strong></span> 
     </span>
     <span class='ocr_line' id='line_1_24' title="bbox 301 2144 2297 2212; baseline 0.002 -20"><span class='ocrx_word' id='word_1_228' title='bbox 301 2144 676 2208; x_wconf 87' lang='lat' dir='ltr'><strong>materiamque</strong></span> <span class='ocrx_word' id='word_1_229' title='bbox 705 2145 806 2193; x_wconf 89' lang='lat' dir='ltr'><strong>sibi</strong></span> <span class='ocrx_word' id='word_1_230' title='bbox 833 2144 979 2194; x_wconf 90' lang='lat' dir='ltr'><strong>ducis</strong></span> <span class='ocrx_word' id='word_1_231' title='bbox 1003 2144 1334 2207; x_wconf 92' lang='lat' dir='ltr'><strong>indulgentia</strong></span> <span class='ocrx_word' id='word_1_232' title='bbox 1353 2145 1572 2208; x_wconf 88' lang='lat' dir='ltr'><strong>quaerit.</strong></span> <span class='ocrx_word' id='word_1_233' title='bbox 1651 2146 1790 2194; x_wconf 84' lang='lat' dir='ltr'><strong>Suet.</strong></span> <span class='ocrx_word' id='word_1_234' title='bbox 1812 2146 1918 2195; x_wconf 90' lang='lat' dir='ltr'><strong>Vit.</strong></span> <span class='ocrx_word' id='word_1_235' title='bbox 1941 2147 1972 2195; x_wconf 89' lang='lat'><strong><em>5</em></strong></span> <span class='ocrx_word' id='word_1_236' title='bbox 1999 2147 2297 2212; x_wconf 89' lang='lat' dir='ltr'><strong>principum</strong></span> 
     </span>
     <span class='ocr_line' id='line_1_25' title="bbox 301 2227 2293 2299; baseline 0.003 -25"><span class='ocrx_word' id='word_1_237' title='bbox 301 2227 643 2290; x_wconf 90' lang='lat' dir='ltr'><strong>indulgentia.</strong></span> <span class='ocrx_word' id='word_1_238' title='bbox 720 2228 1025 2293; x_wconf 85' lang='lat' dir='ltr'><strong>Especially</strong></span> <span class='ocrx_word' id='word_1_239' title='bbox 1051 2244 1289 2277; x_wconf 89' lang='lat' dir='ltr'><strong>common</strong></span> <span class='ocrx_word' id='word_1_240' title='bbox 1322 2228 1379 2275; x_wconf 90' lang='lat' dir='ltr'><strong>in</strong></span> <span class='ocrx_word' id='word_1_241' title='bbox 1410 2228 1500 2276; x_wconf 91' lang='lat' dir='ltr'><strong>the</strong></span> <span class='ocrx_word' id='word_1_242' title='bbox 1534 2245 1766 2292; x_wconf 90' lang='lat' dir='ltr'><strong>younger</strong></span> <span class='ocrx_word' id='word_1_243' title='bbox 1792 2229 1954 2294; x_wconf 90' lang='lat' dir='ltr'><strong>Pliny</strong></span> <span class='ocrx_word' id='word_1_244' title='bbox 1984 2231 2072 2299; x_wconf 86' lang='grc'><strong>(20</strong></span> <span class='ocrx_word' id='word_1_245' title='bbox 2098 2231 2293 2296; x_wconf 86' lang='lat' dir='ltr'><strong>times).</strong></span> 
     </span>
     <span class='ocr_line' id='line_1_26' title="bbox 303 2310 2294 2376; baseline 0.001 -16"><span class='ocrx_word' id='word_1_246' title='bbox 303 2310 381 2360; x_wconf 84' lang='lat' dir='ltr'><strong>Cf.</strong></span> <span class='ocrx_word' id='word_1_247' title='bbox 411 2311 599 2374; x_wconf 87' lang='lat' dir='ltr'><strong>Mayor</strong></span> <span class='ocrx_word' id='word_1_248' title='bbox 623 2311 657 2358; x_wconf 92' lang='lat'><strong>1.</strong></span> <span class='ocrx_word' id='word_1_249' title='bbox 682 2326 722 2359; x_wconf 93' lang='lat' dir='ltr'><strong>c.</strong></span> <span class='ocrx_word' id='word_1_250' title='bbox 743 2312 770 2358; x_wconf 93' lang='lat' dir='ltr'><strong>I</strong></span> <span class='ocrx_word' id='word_1_251' title='bbox 796 2312 911 2361; x_wconf 83' lang='lat'><strong>278.</strong></span> <span class='ocrx_word' id='word_1_252' title='bbox 936 2312 1052 2360; x_wconf 85' lang='lat'><strong>439.</strong></span> <span class='ocrx_word' id='word_1_253' title='bbox 1070 2311 1340 2360; x_wconf 78' lang='lat' dir='ltr'><strong>—mereri</strong></span> <span class='ocrx_word' id='word_1_254' title='bbox 1372 2310 1428 2358; x_wconf 90' lang='lat' dir='ltr'><strong>in</strong></span> <span class='ocrx_word' id='word_1_255' title='bbox 1452 2311 1543 2359; x_wconf 90' lang='lat' dir='ltr'><strong>the</strong></span> <span class='ocrx_word' id='word_1_256' title='bbox 1570 2327 1720 2359; x_wconf 90' lang='lat' dir='ltr'><strong>sense</strong></span> <span class='ocrx_word' id='word_1_257' title='bbox 1747 2312 1805 2359; x_wconf 82' lang='lat' dir='ltr'><strong>of</strong></span> <span class='ocrx_word' id='word_1_258' title='bbox 1829 2312 2080 2376; x_wconf 73' lang='lat' dir='ltr'><strong>‘acquire,</strong></span> <span class='ocrx_word' id='word_1_259' title='bbox 2100 2315 2294 2375; x_wconf 83' lang='lat' dir='ltr'><strong>obtain,</strong></span> 
     </span>
     <span class='ocr_line' id='line_1_27' title="bbox 302 2393 2297 2458; baseline 0.003 -18"><span class='ocrx_word' id='word_1_260' title='bbox 302 2393 581 2456; x_wconf 87' lang='lat' dir='ltr'><strong>consequi&#39;</strong></span> <span class='ocrx_word' id='word_1_261' title='bbox 624 2393 668 2442; x_wconf 91' lang='lat' dir='ltr'><strong>is</strong></span> <span class='ocrx_word' id='word_1_262' title='bbox 708 2410 838 2458; x_wconf 87' lang='lat' dir='ltr'><strong>very</strong></span> <span class='ocrx_word' id='word_1_263' title='bbox 865 2410 1104 2443; x_wconf 89' lang='lat' dir='ltr'><strong>common</strong></span> <span class='ocrx_word' id='word_1_264' title='bbox 1148 2394 1204 2442; x_wconf 93' lang='lat' dir='ltr'><strong>in</strong></span> <span class='ocrx_word' id='word_1_265' title='bbox 1246 2395 1364 2442; x_wconf 85' lang='lat' dir='ltr'><strong>Tac.</strong></span> <span class='ocrx_word' id='word_1_266' title='bbox 1423 2410 1463 2442; x_wconf 90' lang='grc'><strong>6.</strong></span> <span class='ocrx_word' id='word_1_267' title='bbox 1502 2411 1546 2456; x_wconf 90' lang='grc'><strong>8.</strong></span> <span class='ocrx_word' id='word_1_268' title='bbox 1586 2410 1626 2442; x_wconf 89' lang='lat' dir='ltr'><strong>c.</strong></span> <span class='ocrx_word' id='word_1_269' title='bbox 1673 2395 1735 2443; x_wconf 87' lang='lat'><strong>31</strong></span> <span class='ocrx_word' id='word_1_270' title='bbox 1782 2403 1835 2442; x_wconf 83' lang='lat'><strong>23</strong></span> <span class='ocrx_word' id='word_1_271' title='bbox 1876 2396 1934 2444; x_wconf 81' lang='lat' dir='ltr'><strong>G.</strong></span> <span class='ocrx_word' id='word_1_272' title='bbox 1976 2396 2041 2444; x_wconf 87' lang='lat'><strong>14</strong></span> <span class='ocrx_word' id='word_1_273' title='bbox 2079 2397 2297 2445; x_wconf 84' lang='lat' dir='ltr'><strong>vulnera</strong></span> 
     </span>
     <span class='ocr_line' id='line_1_28' title="bbox 302 2475 2298 2539; baseline 0.003 -17"><span class='ocrx_word' id='word_1_274' title='bbox 302 2475 491 2523; x_wconf 88' lang='lat' dir='ltr'><strong>mereri</strong></span> <span class='ocrx_word' id='word_1_275' title='bbox 517 2476 614 2539; x_wconf 91' lang='lat' dir='ltr'><strong>Ag.</strong></span> <span class='ocrx_word' id='word_1_276' title='bbox 637 2477 669 2524; x_wconf 87' lang='lat'>4</span> <span class='ocrx_word' id='word_1_277' title='bbox 696 2476 828 2525; x_wconf 90' lang='lat' dir='ltr'><strong>iram</strong></span> <span class='ocrx_word' id='word_1_278' title='bbox 856 2476 956 2526; x_wconf 82' lang='lat' dir='ltr'><strong>Gai</strong></span> <span class='ocrx_word' id='word_1_279' title='bbox 1001 2476 1238 2526; x_wconf 86' lang='lat' dir='ltr'><strong>Caesaris</strong></span> <span class='ocrx_word' id='word_1_280' title='bbox 1277 2476 1495 2524; x_wconf 87' lang='lat' dir='ltr'><strong>meritus</strong></span> <span class='ocrx_word' id='word_1_281' title='bbox 1535 2477 1603 2523; x_wconf 90' lang='lat' dir='ltr'><strong>H.</strong></span> <span class='ocrx_word' id='word_1_282' title='bbox 1633 2477 1692 2523; x_wconf 91' lang='lat' dir='ltr'><strong>II</strong></span> <span class='ocrx_word' id='word_1_283' title='bbox 1717 2478 1797 2525; x_wconf 86' lang='lat'><strong>31.</strong></span> <span class='ocrx_word' id='word_1_284' title='bbox 1821 2479 1901 2526; x_wconf 86' lang='grc'><strong>37.</strong></span> <span class='ocrx_word' id='word_1_285' title='bbox 1925 2479 1990 2526; x_wconf 88' lang='lat'><strong>50</strong></span> <span class='ocrx_word' id='word_1_286' title='bbox 2017 2480 2106 2526; x_wconf 94' lang='lat' dir='ltr'><strong>III</strong></span> <span class='ocrx_word' id='word_1_287' title='bbox 2127 2481 2193 2528; x_wconf 87' lang='lat'><strong>86</strong></span> <span class='ocrx_word' id='word_1_288' title='bbox 2220 2481 2298 2527; x_wconf 83' lang='lat' dir='ltr'><strong>IV</strong></span> 
     </span>
     <span class='ocr_line' id='line_1_29' title="bbox 302 2558 2297 2610; baseline 0.002 -3"><span class='ocrx_word' id='word_1_289' title='bbox 302 2559 369 2607; x_wconf 88' lang='lat'><strong>34</strong></span> <span class='ocrx_word' id='word_1_290' title='bbox 413 2558 549 2606; x_wconf 91' lang='lat' dir='ltr'><strong>Ann.</strong></span> <span class='ocrx_word' id='word_1_291' title='bbox 592 2560 621 2606; x_wconf 92' lang='lat' dir='ltr'><strong>I</strong></span> <span class='ocrx_word' id='word_1_292' title='bbox 658 2560 723 2608; x_wconf 85' lang='lat'><strong>28</strong></span> <span class='ocrx_word' id='word_1_293' title='bbox 763 2560 821 2607; x_wconf 93' lang='lat' dir='ltr'><strong>II</strong></span> <span class='ocrx_word' id='word_1_294' title='bbox 858 2561 924 2608; x_wconf 88' lang='lat'><strong>49</strong></span> <span class='ocrx_word' id='word_1_295' title='bbox 965 2559 1045 2609; x_wconf 92' lang='lat' dir='ltr'><strong>IV</strong></span> <span class='ocrx_word' id='word_1_296' title='bbox 1080 2561 1146 2608; x_wconf 88' lang='lat'><strong>36</strong></span> <span class='ocrx_word' id='word_1_297' title='bbox 1188 2559 1266 2608; x_wconf 91' lang='lat' dir='ltr'><strong>VI</strong></span> <span class='ocrx_word' id='word_1_298' title='bbox 1293 2560 1358 2607; x_wconf 85' lang='lat'><strong>10</strong></span> <span class='ocrx_word' id='word_1_299' title='bbox 1399 2559 1513 2606; x_wconf 88' lang='lat' dir='ltr'><strong>XII</strong></span> <span class='ocrx_word' id='word_1_300' title='bbox 1540 2560 1603 2607; x_wconf 88' lang='grc'><strong>31</strong></span> <span class='ocrx_word' id='word_1_301' title='bbox 1645 2560 1748 2608; x_wconf 89' lang='lat' dir='ltr'><strong>XV</strong></span> <span class='ocrx_word' id='word_1_302' title='bbox 1774 2561 1804 2608; x_wconf 88' lang='lat'><strong>6</strong></span> <span class='ocrx_word' id='word_1_303' title='bbox 1842 2561 1974 2609; x_wconf 88' lang='lat' dir='ltr'><strong>XVI</strong></span> <span class='ocrx_word' id='word_1_304' title='bbox 2012 2562 2090 2610; x_wconf 87' lang='lat'><strong>15.</strong></span> <span class='ocrx_word' id='word_1_305' title='bbox 2167 2562 2297 2610; x_wconf 91' lang='lat' dir='ltr'><strong>Also</strong></span> 
     </span>
     <span class='ocr_line' id='line_1_30' title="bbox 303 2639 2298 2708; baseline 0.003 -20"><span class='ocrx_word' id='word_1_306' title='bbox 303 2639 359 2688; x_wconf 92' lang='lat' dir='ltr'><strong>in</strong></span> <span class='ocrx_word' id='word_1_307' title='bbox 384 2642 557 2690; x_wconf 88' lang='lat' dir='ltr'><strong>Plaut.</strong></span> <span class='ocrx_word' id='word_1_308' title='bbox 586 2642 776 2690; x_wconf 90' lang='lat' dir='ltr'><strong>Pseud.</strong></span> <span class='ocrx_word' id='word_1_309' title='bbox 806 2642 886 2691; x_wconf 92' lang='lat' dir='ltr'><strong>IV</strong></span> <span class='ocrx_word' id='word_1_310' title='bbox 911 2644 958 2704; x_wconf 90' lang='grc'><strong>7,</strong></span> <span class='ocrx_word' id='word_1_311' title='bbox 986 2642 1052 2690; x_wconf 88' lang='grc'><strong>95</strong></span> <span class='ocrx_word' id='word_1_312' title='bbox 1080 2642 1207 2705; x_wconf 90' lang='lat' dir='ltr'><strong>quid</strong></span> <span class='ocrx_word' id='word_1_313' title='bbox 1233 2658 1399 2689; x_wconf 89' lang='lat' dir='ltr'><strong>meres</strong></span> <span class='ocrx_word' id='word_1_314' title='bbox 1418 2644 1443 2689; x_wconf 85' lang='lat'>?</span> <span class='ocrx_word' id='word_1_315' title='bbox 1476 2642 1642 2690; x_wconf 88' lang='lat' dir='ltr'><strong>Varro</strong></span> <span class='ocrx_word' id='word_1_316' title='bbox 1680 2658 1758 2705; x_wconf 88' lang='lat' dir='ltr'><strong>ap.</strong></span> <span class='ocrx_word' id='word_1_317' title='bbox 1783 2644 1918 2690; x_wconf 89' lang='lat' dir='ltr'><strong>Non.</strong></span> <span class='ocrx_word' id='word_1_318' title='bbox 1947 2660 1996 2708; x_wconf 90' lang='lat' dir='ltr'><strong>p.</strong></span> <span class='ocrx_word' id='word_1_319' title='bbox 2025 2646 2141 2706; x_wconf 87' lang='lat'>344,</span> <span class='ocrx_word' id='word_1_320' title='bbox 2169 2645 2298 2693; x_wconf 91' lang='lat' dir='ltr'><strong>then</strong></span> 
     </span>
     <span class='ocr_line' id='line_1_31' title="bbox 304 2724 2295 2797; baseline 0.003 -25"><span class='ocrx_word' id='word_1_321' title='bbox 304 2724 654 2788; x_wconf 87' lang='lat' dir='ltr'><strong>occasionally</strong></span> <span class='ocrx_word' id='word_1_322' title='bbox 699 2724 756 2772; x_wconf 90' lang='lat' dir='ltr'><strong>in</strong></span> <span class='ocrx_word' id='word_1_323' title='bbox 800 2725 904 2774; x_wconf 90' lang='lat' dir='ltr'><strong>Cic.</strong></span> <span class='ocrx_word' id='word_1_324' title='bbox 950 2741 991 2773; x_wconf 92' lang='lat' dir='ltr'><strong>e.</strong></span> <span class='ocrx_word' id='word_1_325' title='bbox 1022 2741 1067 2787; x_wconf 90' lang='lat' dir='ltr'><strong>g.</strong></span> <span class='ocrx_word' id='word_1_326' title='bbox 1114 2725 1267 2773; x_wconf 86' lang='lat' dir='ltr'><strong>Rosc.</strong></span> <span class='ocrx_word' id='word_1_327' title='bbox 1318 2725 1456 2773; x_wconf 89' lang='lat' dir='ltr'><strong>Com.</strong></span> <span class='ocrx_word' id='word_1_328' title='bbox 1507 2725 1588 2785; x_wconf 88' lang='grc'><strong>10,</strong></span> <span class='ocrx_word' id='word_1_329' title='bbox 1633 2725 1698 2773; x_wconf 89' lang='grc'><strong>28</strong></span> <span class='ocrx_word' id='word_1_330' title='bbox 1737 2726 1841 2773; x_wconf 87' lang='lat' dir='ltr'><strong>and</strong></span> <span class='ocrx_word' id='word_1_331' title='bbox 1878 2725 1934 2772; x_wconf 90' lang='grc'><strong>111</strong></span> <span class='ocrx_word' id='word_1_332' title='bbox 1961 2727 2114 2797; x_wconf 47' lang='lat' dir='ltr'><strong>&#39;Caes</strong></span> <span class='ocrx_word' id='word_1_333' title='bbox 2144 2728 2203 2775; x_wconf 87' lang='lat' dir='ltr'><strong>B.</strong></span> <span class='ocrx_word' id='word_1_334' title='bbox 2235 2729 2295 2777; x_wconf 87' lang='lat' dir='ltr'><strong>G.</strong></span> 
     </span>
     <span class='ocr_line' id='line_1_32' title="bbox 304 2806 530 2868; baseline 0.004 -14"><span class='ocrx_word' id='word_1_335' title='bbox 304 2806 381 2854; x_wconf 92' lang='lat' dir='ltr'><strong>VI</strong></span> <span class='ocrx_word' id='word_1_336' title='bbox 407 2807 454 2868; x_wconf 90' lang='grc'><strong>5,</strong></span> <span class='ocrx_word' id='word_1_337' title='bbox 483 2807 530 2855; x_wconf 95' lang='grc'><strong>2.</strong></span> 
     </span>
    </p>

    <p class='ocr_par' dir='ltr' id='par_1_5' title="bbox 306 2890 2297 3038">
     <span class='ocr_line' id='line_1_33' title="bbox 373 2890 2297 2954; baseline 0.002 -17"><span class='ocrx_word' id='word_1_338' title='bbox 373 2890 439 2938; x_wconf 91' lang='grc'><strong>27</strong></span> <span class='ocrx_word' id='word_1_339' title='bbox 479 2891 525 2939; x_wconf 79' lang='lat' dir='ltr'><strong>si</strong></span> <span class='ocrx_word' id='word_1_340' title='bbox 555 2891 634 2940; x_wconf 82' lang='lat' dir='ltr'><strong>ita</strong></span> <span class='ocrx_word' id='word_1_341' title='bbox 663 2905 745 2940; x_wconf 80' lang='lat' dir='ltr'><strong>res</strong></span> <span class='ocrx_word' id='word_1_342' title='bbox 775 2891 1063 2940; x_wconf 76' lang='lat' dir='ltr'><strong>familiaris</strong></span> <span class='ocrx_word' id='word_1_343' title='bbox 1094 2892 1300 2954; x_wconf 85' lang='lat' dir='ltr'><strong>exigat:</strong></span> <span class='ocrx_word' id='word_1_344' title='bbox 1340 2891 1451 2939; x_wconf 88' lang='lat' dir='ltr'><strong>The</strong></span> <span class='ocrx_word' id='word_1_345' title='bbox 1491 2906 1630 2938; x_wconf 90' lang='lat' dir='ltr'><strong>same</strong></span> <span class='ocrx_word' id='word_1_346' title='bbox 1669 2891 1859 2954; x_wconf 90' lang='lat' dir='ltr'><strong>phrase</strong></span> <span class='ocrx_word' id='word_1_347' title='bbox 1898 2891 1953 2939; x_wconf 93' lang='lat' dir='ltr'><strong>in</strong></span> <span class='ocrx_word' id='word_1_348' title='bbox 1979 2892 2154 2949; x_wconf 83' lang='lat' dir='ltr'><strong>Quint.</strong></span> <span class='ocrx_word' id='word_1_349' title='bbox 2183 2895 2297 2942; x_wconf 92' lang='lat' dir='ltr'><strong>XII</strong></span> 
     </span>
     <span class='ocr_line' id='line_1_34' title="bbox 306 2972 2190 3038; baseline 0.002 -17"><span class='ocrx_word' id='word_1_350' title='bbox 306 2975 352 3033; x_wconf 91' lang='grc'><strong>7,</strong></span> <span class='ocrx_word' id='word_1_351' title='bbox 380 2974 410 3021; x_wconf 90' lang='grc'>9</span> <span class='ocrx_word' id='word_1_352' title='bbox 438 2972 484 3020; x_wconf 91' lang='lat' dir='ltr'><strong>si</strong></span> <span class='ocrx_word' id='word_1_353' title='bbox 510 2989 592 3021; x_wconf 90' lang='lat' dir='ltr'><strong>res</strong></span> <span class='ocrx_word' id='word_1_354' title='bbox 620 2973 900 3022; x_wconf 84' lang='lat' dir='ltr'><strong>familiaris</strong></span> <span class='ocrx_word' id='word_1_355' title='bbox 928 2973 1153 3037; x_wconf 89' lang='lat' dir='ltr'><strong>amplius</strong></span> <span class='ocrx_word' id='word_1_356' title='bbox 1181 2973 1386 3036; x_wconf 88' lang='lat' dir='ltr'><strong>aliquid</strong></span> <span class='ocrx_word' id='word_1_357' title='bbox 1411 2974 1478 3021; x_wconf 92' lang='lat' dir='ltr'><strong>ad</strong></span> <span class='ocrx_word' id='word_1_358' title='bbox 1501 2989 1627 3021; x_wconf 89' lang='lat' dir='ltr'><strong>usus</strong></span> <span class='ocrx_word' id='word_1_359' title='bbox 1654 2974 1972 3023; x_wconf 85' lang='lat' dir='ltr'><strong>necessarios</strong></span> <span class='ocrx_word' id='word_1_360' title='bbox 2000 2975 2190 3038; x_wconf 85' lang='lat' dir='ltr'><strong>exigat.</strong></span> 
     </span>
    </p>

    <p class='ocr_par' dir='ltr' id='par_1_6' title="bbox 305 3055 2299 3615">
     <span class='ocr_line' id='line_1_35' title="bbox 374 3055 2297 3123; baseline 0.003 -21"><span class='ocrx_word' id='word_1_361' title='bbox 374 3055 439 3103; x_wconf 91' lang='grc'><strong>28</strong></span> <span class='ocrx_word' id='word_1_362' title='bbox 479 3070 532 3105; x_wconf 82' lang='lat' dir='ltr'><strong>se</strong></span> <span class='ocrx_word' id='word_1_363' title='bbox 563 3057 736 3119; x_wconf 80' lang='lat' dir='ltr'><strong>ipsum</strong></span> <span class='ocrx_word' id='word_1_364' title='bbox 767 3057 961 3106; x_wconf 84' lang='lat' dir='ltr'><strong>colere:</strong></span> <span class='ocrx_word' id='word_1_365' title='bbox 1003 3058 1078 3104; x_wconf 86' lang='lat' dir='ltr'><strong>To</strong></span> <span class='ocrx_word' id='word_1_366' title='bbox 1116 3056 1345 3104; x_wconf 90' lang='lat' dir='ltr'><strong>advance</strong></span> <span class='ocrx_word' id='word_1_367' title='bbox 1384 3056 1525 3104; x_wconf 88' lang='lat' dir='ltr'><strong>one⁷s</strong></span> <span class='ocrx_word' id='word_1_368' title='bbox 1564 3072 1681 3103; x_wconf 88' lang='lat' dir='ltr'><strong>own</strong></span> <span class='ocrx_word' id='word_1_369' title='bbox 1714 3057 1955 3105; x_wconf 79' lang='lat' dir='ltr'><strong>material</strong></span> <span class='ocrx_word' id='word_1_370' title='bbox 1990 3058 2201 3107; x_wconf 81' lang='lat' dir='ltr'><strong>fortune</strong></span> <span class='ocrx_word' id='word_1_371' title='bbox 2227 3060 2297 3123; x_wconf 89' lang='lat' dir='ltr'><strong>by</strong></span> 
     </span>
     <span class='ocr_line' id='line_1_36' title="bbox 305 3138 2299 3202; baseline 0.002 -18"><span class='ocrx_word' id='word_1_372' title='bbox 305 3153 446 3185; x_wconf 93' lang='lat' dir='ltr'><strong>more</strong></span> <span class='ocrx_word' id='word_1_373' title='bbox 484 3138 738 3187; x_wconf 89' lang='lat' dir='ltr'><strong>lucrative</strong></span> <span class='ocrx_word' id='word_1_374' title='bbox 766 3139 1147 3202; x_wconf 90' lang='lat' dir='ltr'><strong>employments</strong></span> <span class='ocrx_word' id='word_1_375' title='bbox 1174 3139 1304 3187; x_wconf 90' lang='lat' dir='ltr'><strong>than</strong></span> <span class='ocrx_word' id='word_1_376' title='bbox 1333 3143 1536 3202; x_wconf 89' lang='lat' dir='ltr'><strong>poetry,</strong></span> <span class='ocrx_word' id='word_1_377' title='bbox 1566 3155 1622 3186; x_wconf 92' lang='lat' dir='ltr'><strong>so</strong></span> <span class='ocrx_word' id='word_1_378' title='bbox 1648 3155 1704 3187; x_wconf 90' lang='lat' dir='ltr'><strong>as</strong></span> <span class='ocrx_word' id='word_1_379' title='bbox 1730 3144 1784 3188; x_wconf 94' lang='lat' dir='ltr'><strong>to</strong></span> <span class='ocrx_word' id='word_1_380' title='bbox 1813 3141 2001 3188; x_wconf 90' lang='lat' dir='ltr'><strong>render</strong></span> <span class='ocrx_word' id='word_1_381' title='bbox 2026 3142 2167 3189; x_wconf 85' lang='lat' dir='ltr'><strong>one&#39;s</strong></span> <span class='ocrx_word' id='word_1_382' title='bbox 2196 3142 2299 3189; x_wconf 83' lang='lat' dir='ltr'><strong>self</strong></span> 
     </span>
     <span class='ocr_line' id='line_1_37' title="bbox 306 3219 2299 3287; baseline 0.003 -21"><span class='ocrx_word' id='word_1_383' title='bbox 306 3219 663 3283; x_wconf 89' lang='lat' dir='ltr'><strong>independent</strong></span> <span class='ocrx_word' id='word_1_384' title='bbox 680 3222 737 3270; x_wconf 86' lang='lat' dir='ltr'><strong>of</strong></span> <span class='ocrx_word' id='word_1_385' title='bbox 762 3222 986 3286; x_wconf 83' lang='lat' dir='ltr'><strong>princes&#39;</strong></span> <span class='ocrx_word' id='word_1_386' title='bbox 1008 3223 1199 3270; x_wconf 86' lang='lat' dir='ltr'><strong>favors.</strong></span> <span class='ocrx_word' id='word_1_387' title='bbox 1277 3222 1387 3269; x_wconf 88' lang='lat' dir='ltr'><strong>The</strong></span> <span class='ocrx_word' id='word_1_388' title='bbox 1414 3226 1817 3270; x_wconf 88' lang='lat' dir='ltr'><strong>commentators</strong></span> <span class='ocrx_word' id='word_1_389' title='bbox 1839 3238 1922 3270; x_wconf 88' lang='lat' dir='ltr'><strong>err</strong></span> <span class='ocrx_word' id='word_1_390' title='bbox 1942 3223 1997 3270; x_wconf 90' lang='lat' dir='ltr'><strong>in</strong></span> <span class='ocrx_word' id='word_1_391' title='bbox 2023 3223 2299 3287; x_wconf 86' lang='lat' dir='ltr'><strong>interpret-</strong></span> 
     </span>
     <span class='ocr_line' id='line_1_38' title="bbox 306 3301 2299 3370; baseline 0.003 -21"><span class='ocrx_word' id='word_1_392' title='bbox 306 3301 398 3365; x_wconf 91' lang='lat' dir='ltr'><strong>ing</strong></span> <span class='ocrx_word' id='word_1_393' title='bbox 415 3304 506 3352; x_wconf 93' lang='lat' dir='ltr'><strong>the</strong></span> <span class='ocrx_word' id='word_1_394' title='bbox 534 3304 722 3368; x_wconf 89' lang='lat' dir='ltr'><strong>phrase</strong></span> <span class='ocrx_word' id='word_1_395' title='bbox 743 3309 798 3353; x_wconf 88' lang='lat' dir='ltr'><strong>to</strong></span> <span class='ocrx_word' id='word_1_396' title='bbox 819 3321 971 3353; x_wconf 88' lang='lat' dir='ltr'><strong>mean</strong></span> <span class='ocrx_word' id='word_1_397' title='bbox 998 3304 1297 3367; x_wconf 74' lang='lat' dir='ltr'><strong>‘ingenium</strong></span> <span class='ocrx_word' id='word_1_398' title='bbox 1324 3303 1556 3352; x_wconf 89' lang='lat' dir='ltr'><strong>studiose</strong></span> <span class='ocrx_word' id='word_1_399' title='bbox 1583 3304 1852 3365; x_wconf 87' lang='lat' dir='ltr'><strong>excolere,&#39;</strong></span> <span class='ocrx_word' id='word_1_400' title='bbox 1886 3305 1968 3353; x_wconf 87' lang='lat' dir='ltr'><strong>for</strong></span> <span class='ocrx_word' id='word_1_401' title='bbox 1987 3306 2095 3354; x_wconf 86' lang='lat' dir='ltr'><strong>this</strong></span> <span class='ocrx_word' id='word_1_402' title='bbox 2116 3306 2160 3354; x_wconf 90' lang='lat' dir='ltr'><strong>is</strong></span> <span class='ocrx_word' id='word_1_403' title='bbox 2188 3323 2299 3370; x_wconf 88' lang='lat' dir='ltr'><strong>pre-</strong></span> 
     </span>
     <span class='ocr_line' id='line_1_39' title="bbox 308 3385 2295 3450; baseline 0.002 -17"><span class='ocrx_word' id='word_1_404' title='bbox 308 3385 471 3450; x_wconf 89' lang='lat' dir='ltr'><strong>cisely</strong></span> <span class='ocrx_word' id='word_1_405' title='bbox 497 3387 639 3435; x_wconf 89' lang='lat' dir='ltr'><strong>what</strong></span> <span class='ocrx_word' id='word_1_406' title='bbox 666 3388 861 3436; x_wconf 87' lang='lat' dir='ltr'><strong>Bassus</strong></span> <span class='ocrx_word' id='word_1_407' title='bbox 895 3387 990 3436; x_wconf 92' lang='lat' dir='ltr'><strong>has</strong></span> <span class='ocrx_word' id='word_1_408' title='bbox 1020 3387 1152 3435; x_wconf 90' lang='lat' dir='ltr'><strong>been</strong></span> <span class='ocrx_word' id='word_1_409' title='bbox 1183 3387 1341 3448; x_wconf 89' lang='lat' dir='ltr'><strong>doing</strong></span> <span class='ocrx_word' id='word_1_410' title='bbox 1375 3386 1447 3434; x_wconf 91' lang='lat' dir='ltr'><strong>all</strong></span> <span class='ocrx_word' id='word_1_411' title='bbox 1480 3386 1562 3434; x_wconf 88' lang='lat' dir='ltr'><strong>his</strong></span> <span class='ocrx_word' id='word_1_412' title='bbox 1598 3386 1707 3435; x_wconf 86' lang='lat' dir='ltr'><strong>life.</strong></span> <span class='ocrx_word' id='word_1_413' title='bbox 1726 3418 1797 3424; x_wconf 93' lang='lat'><strong>—</strong></span> <span class='ocrx_word' id='word_1_414' title='bbox 1815 3389 1990 3450; x_wconf 72' lang='lat' dir='ltr'><strong>Ipsum</strong></span> <span class='ocrx_word' id='word_1_415' title='bbox 2018 3389 2061 3437; x_wconf 92' lang='lat' dir='ltr'><strong>is</strong></span> <span class='ocrx_word' id='word_1_416' title='bbox 2088 3394 2180 3436; x_wconf 92' lang='lat' dir='ltr'><strong>not</strong></span> <span class='ocrx_word' id='word_1_417' title='bbox 2205 3390 2295 3437; x_wconf 91' lang='lat' dir='ltr'><strong>the</strong></span> 
     </span>
     <span class='ocr_line' id='line_1_40' title="bbox 309 3468 2294 3534; baseline 0.002 -18"><span class='ocrx_word' id='word_1_418' title='bbox 309 3468 482 3532; x_wconf 83' lang='lat' dir='ltr'><strong>object</strong></span> <span class='ocrx_word' id='word_1_419' title='bbox 519 3468 575 3516; x_wconf 92' lang='lat' dir='ltr'><strong>in</strong></span> <span class='ocrx_word' id='word_1_420' title='bbox 612 3469 912 3533; x_wconf 90' lang='lat' dir='ltr'><strong>apposition</strong></span> <span class='ocrx_word' id='word_1_421' title='bbox 940 3474 995 3518; x_wconf 92' lang='lat' dir='ltr'><strong>to</strong></span> <span class='ocrx_word' id='word_1_422' title='bbox 1026 3487 1090 3531; x_wconf 84' lang='lat' dir='ltr'><strong>se,</strong></span> <span class='ocrx_word' id='word_1_423' title='bbox 1123 3469 1219 3517; x_wconf 92' lang='lat' dir='ltr'><strong>but</strong></span> <span class='ocrx_word' id='word_1_424' title='bbox 1245 3469 1586 3531; x_wconf 85' lang='lat' dir='ltr'><strong>corresponds</strong></span> <span class='ocrx_word' id='word_1_425' title='bbox 1612 3474 1668 3517; x_wconf 95' lang='lat' dir='ltr'><strong>to</strong></span> <span class='ocrx_word' id='word_1_426' title='bbox 1694 3468 1896 3518; x_wconf 75' lang='lat' dir='ltr'><strong>‘orator</strong></span> <span class='ocrx_word' id='word_1_427' title='bbox 1919 3486 1974 3518; x_wconf 93' lang='lat' dir='ltr'><strong>se</strong></span> <span class='ocrx_word' id='word_1_428' title='bbox 2001 3471 2112 3534; x_wconf 88' lang='lat' dir='ltr'><strong>ipse</strong></span> <span class='ocrx_word' id='word_1_429' title='bbox 2139 3472 2264 3519; x_wconf 91' lang='lat' dir='ltr'><strong>colit</strong></span> <span class='ocrx_word' id='word_1_430' title='bbox 2281 3471 2294 3495; x_wconf 86' lang='lat'>&#39;</span> 
     </span>
     <span class='ocr_line' id='line_1_41' title="bbox 309 3548 2293 3615; baseline 0.001 -17"><span class='ocrx_word' id='word_1_431' title='bbox 309 3548 366 3598; x_wconf 91' lang='lat' dir='ltr'><strong>in</strong></span> <span class='ocrx_word' id='word_1_432' title='bbox 401 3550 492 3598; x_wconf 92' lang='lat' dir='ltr'><strong>the</strong></span> <span class='ocrx_word' id='word_1_433' title='bbox 530 3551 696 3599; x_wconf 88' lang='lat' dir='ltr'><strong>direct</strong></span> <span class='ocrx_word' id='word_1_434' title='bbox 733 3551 1014 3613; x_wconf 91' lang='lat' dir='ltr'><strong>discourse‚</strong></span> <span class='ocrx_word' id='word_1_435' title='bbox 1043 3567 1098 3599; x_wconf 92' lang='lat' dir='ltr'><strong>as</strong></span> <span class='ocrx_word' id='word_1_436' title='bbox 1134 3551 1364 3614; x_wconf 91' lang='lat' dir='ltr'><strong>opposed</strong></span> <span class='ocrx_word' id='word_1_437' title='bbox 1397 3555 1452 3598; x_wconf 93' lang='lat' dir='ltr'><strong>to</strong></span> <span class='ocrx_word' id='word_1_438' title='bbox 1478 3551 1700 3598; x_wconf 86' lang='lat' dir='ltr'><strong>Bassum</strong></span> <span class='ocrx_word' id='word_1_439' title='bbox 1725 3552 2079 3615; x_wconf 89' lang='lat' dir='ltr'><strong>Vespasianus</strong></span> <span class='ocrx_word' id='word_1_440' title='bbox 2118 3553 2293 3601; x_wconf 89' lang='lat' dir='ltr'><strong>coluit.</strong></span> 
     </span>
    </p>
   </div>
  </div>
 </body>
</html>
