2716 3964
607 248 710 300 xlii
1377 262 1848 304 PROLEGOMENA.

606 407 697 455 the
741 406 1104 470 proletariat,⁷⁹
1145 423 1213 456 on
1255 408 1345 456 the
1395 408 1624 457 irksome
1673 408 1939 473 necessity
1982 408 2040 458 of
2087 409 2469 473 remembering
2509 410 2600 460 the

606 505 846 552 emperor
883 490 940 537 in
976 488 1171 551 wills,⁸⁰
1206 490 1391 554 legacy
1428 489 1880 554 hunting,⁸¹—all
1917 491 2127 556 display
2162 492 2253 540 the
2289 497 2406 542 true
2433 492 2602 542 ‘color

607 573 886 634 Taciteus,'
913 589 969 621 as
996 573 1283 621 evidenced
1309 574 1377 637 by
1403 573 1625 637 parallel
1652 590 1899 638 passages
1926 574 1983 622 in
2008 574 2091 623 his
2117 575 2305 624 works.

676 656 743 703 In
762 656 845 704 his
867 656 1136 717 fondneSS‚
1159 655 1359 721 finally,
1382 657 1465 704 for
1486 657 1849 722 crystallising
1873 658 2269 722 psychological
2287 659 2390 708 and
2409 659 2603 708 01111031

605 739 902 787 reflections
941 755 998 787 or
1035 739 1248 802 general
1281 740 1472 803 truths,
1490 740 1544 788 in
1579 741 1797 804 pointed
1822 741 2056 806 epigram
2082 742 2187 791 and
2211 742 2604 792 well-balanced

606 823 914 883 antitheses,
942 823 1033 871 the
1071 823 1260 871 author
1292 823 1350 870 of
1384 823 1476 872 the
1513 823 1767 887 Dialogus
1806 825 2175 874 reveals—ex
2198 842 2371 889 ungue
2396 825 2602 875 leonem

603 906 780 953 ——the
805 905 941 954 keen
966 906 1201 969 analytic
1229 906 1474 954 observer
1508 922 1565 956 so
1597 907 1720 956 well
1755 907 1949 956 known
1984 912 2040 956 to
2076 923 2139 957 us
2177 908 2314 957 from
2349 908 2442 958 the
2479 909 2603 959 His-

604 988 766 1037 tories
794 989 899 1037 and
922 989 1013 1037 the
1040 988 1305 1037 Α1111310.82

1269 1154 1339 1224 (0)
1391 1156 1635 1219 Literary
1678 1156 1947 1205 Criticism.

675 1279 1068 1342 The,Dialogus
1094 1295 1201 1328 was
1230 1279 1446 1328 written
1481 1280 1553 1344 by
1578 1296 1609 1329 a
1645 1297 1767 1329 man
1804 1281 2070 1345 equipped
2104 1281 2238 1330 with
2273 1297 2305 1331 a
2339 1282 2603 1346 thorough

604 1362 888 1411 rhetorical
931 1362 1181 1425 training,
1228 1363 1332 1411 and
1380 1364 1660 1426 possessed
1703 1363 1761 1411 of
1803 1380 1834 1412 a
1876 1363 2011 1412 wide
2053 1364 2363 1428 knowledge
2407 1365 2465 1413 of
2510 1365 2602 1415 the

605 1445 1024 1494 characteristics
1052 1445 1109 1493 of
1134 1446 1340 1494 Roman
1365 1446 1647 1509 eloquence
1675 1447 1779 1495 and
1804 1446 1874 1494 its
1901 1446 2118 1512 history.
2195 1447 2250 1495 If
2286 1463 2358 1509 SO,
2390 1463 2487 1496 can
2524 1464 2602 1497 we

606 1533 774 1578 assert
816 1529 950 1577 with
991 1529 1289 1578 confidence
1332 1529 1451 1578 that
1493 1530 1584 1578 the
1627 1530 1890 1578 historian
1933 1530 2146 1579 Tacitus
2190 1546 2297 1579 was
2341 1531 2603 1596 similarly

605 1611 857 1675 qualified
880 1612 951 1676 by
976 1612 1187 1660 natural
1213 1613 1545 1660 endowment
1571 1613 1675 1661 and
1703 1612 1941 1675 training
1975 1617 2032 1661 to
2070 1613 2220 1662 write
2256 1614 2347 1662 the
2383 1614 2602 1663 treatise

604 1695 779 1743 which
803 1695 898 1743 has
925 1711 1067 1743 come
1094 1696 1248 1743 down
1271 1696 1440 1744 under
1465 1695 1548 1744 his
1575 1694 1726 1744 name
1753 1696 1857 1744 and
1881 1695 2056 1744 which
2085 1696 2366 1745 otherwise
2396 1697 2601 1746 reflects

679 1834 714 1860 ⁷⁹
735 1846 770 1874 c.
799 1835 850 1874 19
872 1843 905 1874 9.
1439 1834 1472 1861 8⁰
1494 1846 1530 1874 0.
1559 1834 1610 1874 13
1641 1838 1729 1874 ext.
2287 1834 2323 1862 ⁸1
2343 1847 2379 1876 c.
2404 1836 2430 1876 6
2453 1844 2486 1877 6.

679 1903 715 1930 82
735 1915 771 1943 e.
789 1915 826 1954 g.
854 1915 890 1943 0.
919 1904 940 1942 1
964 1911 985 1943 8
1005 1902 1050 1943 ff.
1085 1907 1137 1943 ut
1166 1907 1245 1944 aut
1274 1903 1329 1943 de
1360 1903 1550 1954 ingeniis
1579 1903 1695 1943 male
1727 1903 2076 1944 existimandum
2096 1903 2167 1954 sit,
2201 1904 2239 1944 si
2268 1904 2387 1944 idem
2418 1905 2605 1957 adsequi

604 1986 697 2013 non
726 1985 962 2024 possumus
993 1978 1072 2013 aut
1103 1973 1157 2012 de
1190 1973 1378 2023 iudiciis,
1412 1973 1450 2013 si
1480 1973 1690 2013 nolumus
1734 1974 1758 2013 8
1788 1980 1830 2014 27
1859 1973 2042 2013 divitiae
2074 1977 2120 2013 et
2151 1979 2396 2025 opesquas
2427 1973 2606 2015 facilius

606 2043 806 2082 invenies
836 2042 912 2092 qui
940 2042 1164 2093 vituperet
1194 2054 1328 2093 quam
1359 2043 1435 2094 qui
1464 2043 1668 2083 fastidiat
1719 2044 1769 2083 10
1791 2051 1812 2082 3
1842 2043 2088 2083 mediocres
2115 2047 2271 2094 poetas
2299 2054 2432 2083 nemo
2461 2044 2601 2095 novit,

605 2114 748 2153 bonos
767 2112 899 2163 pauci
940 2113 990 2151 12
1013 2119 1053 2150 12
1083 2124 1269 2152 aureum
1298 2112 1526 2152 saeculum
1557 2117 1602 2152 et
1632 2117 1861 2152 oratorum
1891 2117 1936 2152 et
1966 2113 2205 2153 criminum
2230 2106 2372 2164 inops,
2397 2114 2542 2166 poetis
2561 2118 2607 2154 et

604 2183 783 2222 vatibus
814 2182 1074 2222 abundabat
1103 2182 1180 2233 qui
1207 2183 1321 2222 bene
1351 2182 1474 2222 facta
1504 2187 1716 2222 canerent
1742 2194 1835 2222 non
1862 2182 1939 2233 qui
1958 2182 2075 2222 male
2097 2181 2291 2226 admissa
2311 2183 2607 2224 defenderent

607 2252 659 2291 13
680 2259 720 2291 15
740 2263 822 2292 1100
844 2252 1169 2303 imperantibus
1188 2263 1403 2302 umquam
1424 2252 1532 2292 satis
1552 2252 1668 2292 servi
1688 2252 1899 2292 videntur
1917 2263 2000 2292 nec
2027 2253 2158 2293 nobis
2185 2253 2295 2307 satis
2324 2252 2454 2294 liberi
2494 2253 2546 2294 18
2566 2260 2607 2294 15

604 2333 688 2361 nec
717 2322 870 2361 statim
901 2322 1097 2361 deterius
1127 2333 1219 2361 esse
1250 2321 1370 2372 quod
1400 2321 1626 2362 diversum
1657 2326 1737 2372 est,
1762 2322 1871 2362 vitio
1895 2326 2047 2362 autem
2068 2322 2361 2374 malignitatis
2380 2322 2606 2364 humanae

604 2395 758 2431 vetera
777 2403 952 2442 semper
972 2391 1018 2430 in
1038 2391 1185 2441 laude,
1210 2391 1464 2442 praesentia
1484 2391 1531 2431 in
1551 2391 1732 2431 fastidio
1754 2403 1848 2431 esse
1872 2395 1959 2443 (see
1990 2392 2111 2431 Ann.
2138 2392 2186 2431 ΙΙ
2209 2392 2262 2432 88
2283 2392 2400 2432 cited
2421 2392 2479 2433 ad
2498 2392 2605 2447 100.)

604 2462 656 2500 21
688 2468 729 2500 28
757 2472 851 2500 11011
882 2461 1038 2500 melius
1068 2473 1202 2512 quam
1236 2461 1392 2501 Cicero
1423 2461 1501 2500 sed
1532 2461 1707 2501 felicius
1737 2461 1842 2512 quia
1876 2461 1975 2501 illos
2006 2461 2163 2501 fecisse
2194 2461 2427 2513 pauciores
2458 2462 2608 2502 sciunt

605 2530 658 2569 23
681 2538 720 2570 17
750 2542 888 2581 prope
919 2531 1045 2570 abest
1075 2531 1131 2570 ab
1160 2529 1436 2580 infirmitate,
1470 2530 1518 2570 in
1550 2542 1638 2581 qua
1672 2530 1766 2571 sola
1800 2531 1970 2571 sanitas
2001 2530 2240 2597 laudaturq
2260 2531 2314 2571 26
2336 2538 2377 2571 13
2407 2535 2608 2572 oratores

604 2600 748 2639 nostri
781 2603 934 2639 tenere
968 2599 1129 2649 dicere,
1163 2599 1401 2639 histriones
1436 2599 1601 2639 diserte
1640 2600 1803 2640 saltare
1844 2600 2053 2640 dicantur
2100 2600 2152 2640 27
2184 2607 2223 2639 11
2257 2603 2384 2645 utere
2420 2601 2608 2652 antiqua

604 2669 825 2718 libertate,
862 2681 888 2709 a
924 2680 1012 2719 qua
1046 2668 1116 2708 vel
1150 2669 1292 2720 magis
1326 2669 1692 2720 degeneravimus
1725 2681 1860 2720 quam
1893 2670 1949 2709 ab
1985 2668 2241 2720 eloquentia
2274 2668 2364 2722 (see
2396 2669 2447 2711 G.
2473 2670 2529 2710 45
2559 2669 2607 2711 in

604 2742 783 2778 tantum
804 2750 895 2778 non
916 2738 1050 2777 modo
1072 2750 1098 2778 a
1118 2738 1324 2778 libertate
1345 2738 1422 2778 sed
1444 2739 1579 2778 etiam
1601 2751 1627 2779 a
1647 2739 1860 2778 servitute
1881 2739 2170 2790 degenerant)
2209 2739 2263 2778 29
2285 2745 2326 2778 18
2345 2750 2496 2779 coram
2518 2751 2608 2791 qua

604 2819 749 2858 neque
780 2807 925 2847 dicere
955 2807 1025 2847 fas
1055 2811 1151 2847 erat
1180 2808 1299 2858 quod
1329 2812 1459 2859 turpe
1490 2808 1627 2858 dictu,
1656 2819 1800 2858 neque
1830 2808 1978 2848 facere
2010 2808 2130 2859 quod
2161 2807 2447 2848 inhonestum
2480 2807 2607 2849 factu

604 2877 833 2916 videretur
881 2876 933 2915 32
956 2883 977 2914 2
1007 2876 1138 2916 aliter
1171 2877 1343 2916 utimur
1377 2877 1580 2928 propriis,
1618 2877 1748 2917 aliter
1786 2877 2095 2927 commodatis,
2132 2876 2350 2928 longeque
2393 2877 2608 2918 interesse

604 2946 897 2986 manifestum
932 2950 998 2985 est
1029 2946 1255 2996 possideat
1288 2946 1386 2997 quis
1421 2958 1534 2997 quae
1566 2946 1738 2997 profert
1769 2958 1827 2986 an
1858 2950 2091 2986 mutuetur
2138 2946 2191 2986 33
2221 2953 2263 2985 2ο
2292 2947 2481 2986 eandem
2512 2958 2606 2987 esse

605 3016 826 3055 rationem
857 3019 902 3054 et
929 3015 1204 3066 percipiendi
1234 3028 1347 3066 quae
1376 3015 1579 3067 proferas
1597 3020 1643 3055 et
1662 3015 1921 3066 proferendi
1942 3028 2055 3066 quae
2076 3015 2327 3067 perceperis
2365 3015 2416 3056 37
2441 3019 2529 3056 ext.
2554 3020 2607 3056 ut

605 3096 762 3125 secura
790 3084 944 3134 velint,
968 3085 1216 3135 periculosa
1246 3085 1467 3125 extollant
1514 3084 1568 3125 40
1599 3089 1686 3126 ext.
1712 3097 1793 3124 nec
1823 3085 1941 3125 tanti
1970 3085 2034 3124 rei
2064 3085 2268 3136 publicae
2301 3085 2606 3126 Gracchorum

605 3154 862 3205 eloquentia
881 3153 983 3203 fuit,
1007 3158 1059 3194 ut
1087 3159 1317 3205 pateretur
1347 3159 1391 3194 et
1420 3154 1539 3206 leges
1568 3166 1650 3194 1100
1679 3154 1793 3194 bene
1823 3154 1994 3194 famam
2025 3154 2307 3205 eloquentiae
2339 3154 2494 3196 Cicero
2524 3154 2607 3195 tali

606 3224 731 3263 exitu
751 3223 956 3274 pensavit
993 3224 1045 3263 41
1069 3231 1090 3263 8
1119 3235 1420 3274 supervacuus
1441 3228 1555 3264 esset
1575 3223 1693 3263 inter
1713 3223 1975 3263 innocentes
2002 3227 2154 3264 orator
2182 3224 2297 3264 sicut
2328 3224 2445 3264 inter
2473 3235 2607 3264 sanos

605 3293 818 3333 medicus.
841 3293 930 3333 and
951 3293 1002 3333 37
1023 3300 1076 3332 21.
1091 3300 1144 3332 32.
1210 3293 1286 3344 Cp.
1315 3293 1407 3333 also
1437 3293 1922 3343 Hofmavn-Peerllcamp
1951 3305 1993 3344 p.
2022 3293 2100 3333 100
2127 3293 2418 3344 ‘Saepissime
2449 3297 2607 3333 auctor

606 3362 771 3413 dialogi
801 3363 865 3402 ita
898 3362 1052 3402 scribit
1086 3366 1138 3402 111
1171 3367 1348 3413 praeter
1378 3363 1583 3403 Tacitum
1616 3374 1749 3402 nemo
1783 3374 1999 3412 umquam
2029 3363 2236 3413 scripsit.
2265 3393 2274 3403 .
2302 3393 2312 3403 .
2337 3374 2443 3403 nam
2474 3362 2606 3403 sicuti

606 3432 737 3472 multi
757 3432 963 3471 homines
981 3432 1065 3471 hoc
1086 3431 1267 3482 habent,
1287 3436 1338 3472 ut
1358 3444 1414 3471 ex
1435 3432 1610 3472 incessu
1630 3436 1843 3483 motuque
1865 3432 2063 3482 corporis
2084 3432 2259 3472 eminus
2278 3435 2606 3484 cognoscantur

607 3501 831 3551 iidemque
853 3501 990 3541 alium
1012 3501 1233 3540 incessum
1254 3505 1516 3552 motumque
1538 3501 1704 3553 fingere
1728 3513 1779 3542 ac
1807 3500 2017 3541 simulare
2047 3506 2265 3553 perpetuo
2294 3513 2386 3541 non
2414 3501 2600 3552 possint,

608 3571 671 3610 ita
701 3571 908 3611 Tacitum
937 3581 1019 3610 sua
1049 3582 1120 3610 ars
1151 3574 1196 3610 et
1223 3571 1339 3611 ratio
1370 3571 1478 3611 satis
1507 3571 1798 3611 manifestum
1821 3571 2088 3612 ostendunt:
2119 3574 2283 3611 natura
2302 3569 2420 3610 illius
2438 3569 2603 3620 ubique

608 3640 798 3679 recurrit
819 3645 864 3679 01
885 3640 1011 3690 quasi
1031 3639 1226 3689 flamma,
1252 3644 1303 3679 ut
1324 3640 1386 3679 ait
1406 3645 1552 3690 poeta,
1573 3641 1737 3680 indicio
1757 3640 1963 3691 proditur
1983 3640 2077 3691 ipsa
2097 3640 2211 3680 suo.'
2268 3696 2270 3700 .
2347 3671 2351 3677 .
2470 3631 2475 3640 '¹
