2716 3964
536 264 650 316 xcii

1304 276 1774 318 PROLEGOMENA.

539 422 771 485 striking
807 422 865 470 of
898 422 1049 471 these
1087 421 1491 470 reminiscences
1524 422 1662 470 from
1687 438 1877 486 among
1900 422 1992 471 the
2017 438 2178 488 many
2203 422 2461 474 collected
2482 422 2542 474 in

538 505 630 555 the
655 503 885 554 Notes¹81
910 521 1031 568 may
1057 504 1182 553 here
1206 503 1271 552 be
1298 505 1637 553 enumerated
1660 504 1731 569 by
1755 520 1872 569 way
1899 504 1957 554 of
1981 505 2309 554 illustration
2330 525 2341 556 z

538 641 577 673 6.
606 631 631 670 5
657 638 699 670 20
725 629 770 670 ff.
807 630 914 682 quid
949 633 1016 670 est
1049 629 1194 669 tutius
1227 641 1362 680 quam
1397 640 1495 670 eam

595 711 801 740 exercere
826 704 968 740 artem
993 711 1082 750 qua
1103 710 1279 749 semper
1298 703 1498 739 armatus

593 769 866 821 praesidium
916 768 1084 818 amicis,
1138 779 1268 819 opem
1323 767 1493 819 alienis,

593 839 783 879 salutem
813 838 1183 890 periclitantibus,
1209 838 1372 878 invidis
1390 849 1497 879 vero
1528 834 1565 863 '⁴'

593 912 639 949 et
668 909 861 948 inimicis
890 912 1061 948 metum
1083 938 1092 948 .
1120 938 1130 947 .
1157 939 1166 948 .
1191 907 1311 947 ultro
1342 907 1496 948 feras?

594 978 688 1029 ipse
717 989 898 1018 securus
928 981 973 1018 et
993 1009 1002 1018 .
1031 1009 1039 1018 .
1068 1009 1077 1018 .
1103 981 1326 1028 potestate
1352 977 1499 1033 muni-

594 1052 667 1087 tus
698 1078 707 1088 .
735 1078 744 1088 .
772 1078 781 1088 .
818 1047 1074 1098 eloquentia
1105 1077 1114 1087 .
1141 1077 1151 1087 .
1181 1078 1191 1088 .
1224 1047 1498 1098 praesidium

593 1117 726 1157 simul
779 1129 831 1157 ac
884 1116 1024 1157 telum
1079 1128 1167 1167 quo
1215 1128 1498 1168 propugnare

594 1187 763 1237 pariter
792 1190 837 1226 et
866 1186 1084 1226 incessere
1107 1217 1116 1226 .
1144 1217 1153 1226 .
1181 1217 1190 1226 .
1216 1186 1358 1237 possis

539 1309 577 1339 6.
602 1298 628 1337 6
650 1305 690 1338 15
709 1297 754 1337 ff.
785 1297 904 1349 quod
934 1297 1046 1337 illud
1074 1297 1288 1349 gaudium
1318 1309 1500 1338 consur-

595 1367 731 1419 gendi
769 1367 1102 1418 adsistendique
1141 1367 1260 1407 inter
1299 1371 1500 1407 tacentes

596 1441 642 1477 et
660 1437 708 1477 in
727 1449 870 1476 unum
891 1448 1126 1477 conversos
1148 1467 1157 1477 .
1186 1468 1194 1477 .
1223 1468 1231 1477 .
1253 1436 1345 1476 sive
1366 1436 1500 1477 adcu-

595 1510 741 1547 ratam
771 1506 1124 1557 meditatamque
1144 1505 1317 1558 profert
1337 1506 1500 1547 oratio-

595 1587 714 1626 nem,
777 1579 844 1616 est
901 1577 1127 1628 quoddam
1187 1576 1304 1616 sicut
1362 1576 1500 1627 ipsius

596 1645 805 1685 dictionis
834 1645 898 1686 ita
927 1646 1078 1697 gaudii
1106 1646 1284 1697 pondus
1321 1653 1363 1685 16
1382 1645 1499 1685 coire

595 1714 812 1766 populum
841 1745 850 1755 .
879 1746 887 1755 .
915 1745 924 1754 .
951 1719 996 1754 et
1031 1715 1231 1765 accipere
1269 1714 1499 1755 adfectum

597 1795 910 1836 quemcunque
940 1786 1093 1824 orator
1120 1782 1317 1823 induerit

541 2256 579 2287 6.
612 2245 665 2286 18
692 2252 733 2285 1³
770 2256 863 2285 non
903 2255 997 2285 esse
1035 2256 1177 2285 unum
1217 2243 1498 2295 eloquentiae

596 2314 771 2355 vultum
791 2314 870 2354 sed
891 2314 938 2353 in
959 2313 1046 2354 illis
1064 2325 1240 2364 quoque
1257 2343 1266 2352 .
1290 2344 1298 2353 .
1323 2312 1500 2364 <plures

596 2384 765 2435 species
803 2383 1077 2434 deprehendi
1116 2394 1199 2422 nec
1238 2382 1390 2423 statim
1425 2382 1499 2421 de-

596 2453 734 2494 terius
767 2464 862 2493 esse
897 2453 1017 2504 quod
1051 2453 1277 2492 diversum
1312 2455 1379 2492 est
1409 2451 1499 2492 and

597 2535 633 2563 6.
659 2523 714 2563 25
732 2530 827 2564 9-17.

540 2645 578 2675 6.
596 2636 649 2674 22
665 2641 707 2673 22
726 2634 881 2685 procul
902 2638 1141 2675 arceantur
1154 2664 1163 2673 .
1185 2664 1193 2673 .
1214 2664 1223 2673 .
1244 2632 1500 2673 oblitterata

597 2708 642 2744 et
661 2704 876 2754 obsoleta;
898 2703 1073 2743 nullum
1093 2703 1151 2743 sit
1169 2703 1357 2742 verbum
1376 2700 1500 2742 velut

596 2774 800 2825 rubigine
823 2773 1040 2813 infectum

542 2965 579 2996 6.
604 2954 658 2994 23
679 2961 717 2992 11
747 2965 857 3005 quos
883 2964 1006 2993 more
1035 2953 1221 3003 antiquo
1246 2951 1366 3003 apud
1386 2951 1500 2991 iudi-

598 3035 694 3064 cem
736 3022 990 3063 fabulantes
1035 3033 1126 3061 non
1166 3021 1392 3061 auditores
1434 3032 1501 3060 se-

598 3096 811 3144 quuntur,
864 3104 954 3131 non
1003 3090 1192 3142 populus
1241 3090 1380 3140 audit,
1423 3090 1500 3129 vix

597 3162 790 3212 denique
819 3161 1018 3212 litigator
1046 3160 1295 3211 perpetitur

542 3285 579 3314 6.
599 3273 653 3313 30
672 3280 714 3311 24
734 3273 798 3313 ita
817 3276 883 3312 est
904 3303 913 3313 .
941 3302 949 3312 .
979 3303 987 3312 .
1010 3283 1066 3311 ex
1085 3271 1228 3311 multa
1249 3270 1499 3310 eruditione

599 3346 645 3382 et
662 3342 866 3393 plurimis
887 3342 1057 3381 artibus
1072 3345 1116 3380 et
1132 3341 1333 3380 omnium
1349 3352 1499 3380 rerum

597 3412 784 3452 scientia
804 3411 1004 3451 exundat
1024 3414 1068 3450 et
1089 3410 1306 3450 exuberat
1328 3409 1404 3450 illa
1424 3409 1500 3450 ad-

598 3481 816 3522 mirabilis
845 3480 1100 3530 eloquentia

1582 630 1638 670 de
1659 634 1768 671 orat.
1791 631 1814 671 1
1833 631 1874 680 8,
1891 630 1943 670 32
1965 630 2073 682 quid
2093 634 2187 671 tam
2203 642 2337 682 porro
2351 631 2538 684 regium,

1637 703 1732 740 tam
1762 699 1958 750 liberale,
1986 703 2080 740 tam
2111 698 2376 740 munificum
2406 711 2542 752 quam

1638 780 1768 820 opem
1825 768 1942 808 ferre
2001 767 2289 820 supplicibus,
2347 771 2542 812 excitare

1639 838 1839 889 afflictos,
1859 839 1967 879 dare
1989 838 2194 890 salutem,
2220 838 2409 881 liberare
2428 842 2546 893 peri-

1638 908 1750 948 culis
1777 939 1786 949 .
1820 939 1830 948 .
1861 939 1871 949 .
1904 909 2012 960 quid
2059 914 2210 950 autem
2254 914 2350 952 tam
2393 923 2544 952 neces-

1637 978 1805 1019 sarium
1835 990 1971 1030 quam
2003 983 2157 1019 tenere
2189 991 2367 1032 semper
2399 993 2540 1032 arma,

1639 1047 1800 1098 quibus
1819 1047 1889 1088 vel
1910 1052 2055 1089 tectus
2078 1049 2172 1100 ipse
2200 1060 2295 1090 esse
2313 1050 2455 1101 possis
2473 1050 2544 1092 vel

1637 1128 1880 1168 provocare
1929 1117 2156 1169 improbos
2193 1118 2265 1159 vel
2302 1122 2348 1160 te
2390 1119 2545 1161 ulcisci

1638 1185 1869 1227 lacessitus
1882 1187 1903 1227 P

1583 1297 1639 1337 de
1660 1301 1770 1338 orat.
1796 1298 1819 1338 Ι
1841 1298 1882 1347 8,
1902 1297 1953 1338 31
1984 1298 2092 1349 quid
2120 1299 2241 1339 enim
2265 1303 2332 1340 est
2351 1303 2431 1341 aut
2449 1304 2544 1342 tam

1639 1367 1902 1407 admirabile
1935 1379 2070 1418 quam
2102 1379 2160 1408 ex
2189 1367 2367 1410 infinita
2395 1369 2539 1410 multi-

1638 1436 1796 1476 tudine
1830 1437 2020 1476 existere
2058 1448 2201 1477 unum
2224 1469 2233 1478 .
2261 1469 2271 1480 .
2298 1469 2308 1479 .
2333 1442 2414 1479 aut
2449 1443 2544 1480 tam

1639 1505 1887 1546 iucundum
1946 1506 2129 1558 cognitu
2194 1511 2328 1558 atque
2387 1507 2547 1549 auditu

1640 1586 1775 1626 quam
1813 1575 2090 1626 sapientibus
2131 1577 2366 1618 sententiis
2402 1577 2547 1629 gravi-

1639 1645 1810 1695 busque
1844 1645 1990 1685 verbis
2026 1650 2187 1686 ornata
2219 1646 2363 1687 oratio
2394 1651 2440 1687 et
2468 1658 2547 1698 po-

1639 1713 1754 1754 lita?
1826 1715 1895 1764 25,
1932 1714 2011 1754 116
2057 1727 2272 1766 magnum
2318 1715 2546 1767 quoddam

1640 1787 1708 1823 est
1728 1814 1737 1824 .
1765 1815 1774 1824 .
1802 1815 1812 1824 .
1837 1795 2002 1824 munus
2028 1785 2252 1835 suscipere
2280 1789 2414 1837 atque
2442 1797 2545 1837 pro-

1638 1852 1757 1893 fiteri
1793 1865 1841 1894 se
1880 1853 2088 1894 omnibus
2128 1854 2363 1896 silentibus
2399 1867 2542 1895 unum

1638 1923 1849 1963 maximis
1886 1923 1941 1963 de
1976 1924 2123 1974 rebus,
2159 1936 2325 1976 magno
2358 1924 2406 1965 in
2439 1935 2546 1965 con-

1638 1996 1778 2032 ventu
1806 1993 2040 2033 hominum
2073 1993 2348 2034 audiendum
2397 1994 2464 2044 19,
2488 1994 2541 2035 87

1638 2062 1707 2102 1111
1736 2062 1777 2102 61
1807 2063 1883 2114 qui
1913 2063 2122 2103 audirent
2151 2063 2214 2104 sic
2245 2063 2546 2121 adficerentur

1639 2131 1803 2172 animis
1822 2136 1873 2172 ut
1893 2143 1968 2172 eos
1988 2132 2121 2173 adfici
2143 2132 2276 2173 vellet
2296 2137 2458 2174 orator.

1583 2243 1710 2283 Brut.
1737 2243 1805 2293 56,
1829 2243 1911 2283 204
1944 2248 2078 2295 atque
2111 2244 2158 2284 in
2189 2244 2260 2284 his
2291 2244 2546 2285 oratoribus

1640 2311 1751 2351 illud
1795 2313 2246 2354 animadvertendum
2292 2317 2373 2364 est,
2414 2325 2544 2366 posse

1639 2392 1733 2421 esse
1762 2393 1974 2433 summos,
2000 2383 2077 2433 qui
2106 2382 2224 2423 inter
2252 2394 2299 2424 se
2324 2387 2431 2424 sunt
2456 2383 2545 2424 dis-

1638 2451 1817 2491 similes.
1867 2452 1923 2492 de
1945 2456 2056 2493 orat.
2077 2452 2125 2492 II
2143 2452 2212 2503 23,
2229 2453 2284 2493 94
2323 2453 2394 2493 III
2414 2453 2453 2503 7,
2469 2453 2538 2492 25.

1584 2631 1640 2672 de
1661 2636 1771 2672 orat.
1798 2632 1869 2672 III
1891 2633 1957 2682 10,
1977 2632 2031 2672 39
2060 2644 2205 2684 neque
2235 2636 2389 2673 tamen
2413 2636 2545 2673 uten-

1639 2701 1748 2741 dum
1777 2701 1925 2742 verbis
1955 2701 2022 2751 iis,
2048 2701 2209 2753 quibus
2238 2701 2329 2742 iam
2358 2713 2545 2743 consue-

1640 2770 1750 2810 tudo
1787 2782 1880 2811 non
1918 2771 2088 2822 utitur3
2137 2771 2216 2811 sed
2258 2771 2437 2812 usitatis
2479 2771 2545 2812 ita

1638 2840 1804 2890 poterit
1833 2840 1915 2890 uti,
1940 2840 2191 2880 lectissimis
2219 2844 2272 2880 ut
2299 2844 2455 2881 utatur

1584 2951 1710 2990 Brut.
1737 2950 1804 3001 84,
1830 2951 1912 2990 289
1952 2963 2054 2991 611111
2094 2951 2167 2991 1811
2206 2951 2365 2991 (11611111
2399 2951 2542 2992 Α11161

1639 3031 1731 3059 11011
1764 3020 1899 3059 1110ᾱο
1934 3031 1961 3060 a
1995 3031 2160 3060 corona
2182 3050 2191 3060 .
2219 3050 2229 3059 .
2256 3049 2266 3060 .
2290 3019 2371 3060 sed
2404 3019 2542 3060 etiam

1641 3089 1698 3129 ab
1727 3089 1955 3130 advocatis
1984 3089 2302 3140 relinquuntur

1585 3269 1640 3310 de
1661 3273 1771 3309 orat.
1798 3269 1820 3308 I
1842 3269 1883 3318 6,
1903 3269 1958 3308 20
1985 3280 2118 3310 1161110
2144 3269 2310 3321 poterit
2329 3280 2424 3310 esse
2445 3279 2543 3309 ora·

1639 3342 1724 3388 tor,
1749 3338 1835 3378 nisi
1855 3338 1939 3378 erit
1960 3339 2161 3378 omnium
2181 3350 2332 3378 rerum
2358 3349 2543 3390 magna-

1639 3419 1739 3448 rum
1761 3408 1993 3447 scientiam
2014 3412 2290 3448 consecutus.
2340 3408 2401 3448 Et
2420 3407 2541 3448 enim

1641 3489 1697 3517 ex
1731 3489 1879 3516 rerum
1919 3477 2172 3529 cognitione
2211 3476 2458 3518 efflorescat
2495 3480 2542 3516 et

1639 3547 1861 3587 redundet
1881 3551 2056 3598 oportet
2077 3547 2219 3587 oratio

618 3648 670 3676 1⁸1
692 3648 773 3689 See
794 3647 886 3687 also
908 3646 1090 3686 Kleiber
1107 3657 1180 3696 pp.
1196 3645 1332 3684 24-33
1354 3645 1443 3685 and
1464 3645 1539 3684 the
1559 3655 1766 3695 passages
1786 3643 1971 3683 marked
1988 3643 2096 3682 with
2117 3655 2174 3683 an
2195 3644 2221 3671 ἕ
2242 3643 2288 3682 111
2307 3643 2383 3683 1116
2404 3642 2542 3682 index

543 3717 744 3758 locorum
768 3729 800 3756 s.
823 3728 862 3757 V.
889 3716 1055 3756 Cicero.
