2716 3964
476 251 586 304 134
1358 267 1564 307 NOTES.

585 411 696 451 XIV
715 411 767 451 41
799 411 1018 452 ultionem
1039 411 1243 452 elusurus
1264 411 1354 451 and
1373 411 1566 462 perhaps
1585 423 1621 452 c.
1648 411 1701 451 33
1720 419 1742 452 9
1770 411 1919 452 forum
1946 412 2200 464 ingressuri,
2223 414 2371 456 where
2398 426 2476 458 see

585 484 703 520 note.
767 481 945 520 Vahlen
970 480 1158 519 defends
1178 480 1254 519 the
1285 480 1378 521 MS.
1404 480 1590 532 reading
1617 481 1678 531 by
1698 480 1857 532 taking
1880 481 2068 532 adeptus
2097 482 2144 521 in
2173 483 2250 523 the
2278 495 2406 525 sense
2426 484 2475 526 of

591 553 601 572 ‘
614 560 789 588 summo
811 549 989 600 ingenio
1010 561 1061 589 ac
1082 560 1259 607 summa
1278 548 1492 589 facultate
1513 549 1774 600 praeditus,'
1807 550 1889 590 but
1918 550 2103 601 adipisci
2129 562 2266 592 never
2283 552 2365 593 has
2383 553 2478 595 this

584 618 796 668 meaning
815 617 861 656 in
884 617 1076 657 Tacitus.
1143 618 1223 658 See
1244 619 1352 657 LeX.
1379 619 1481 658 Tac.
1507 629 1540 658 s.
1566 630 1606 659 v.

543 715 830 764 levioribus
863 715 1131 763 subsistis:
1171 714 1249 763 Cf.
1279 714 1372 762 the
1410 714 1626 782 similar·
1646 731 1866 779 passage
1899 715 1955 762 in
1981 715 2157 772 Quint.
2187 717 2216 765 I
2241 733 2471 781 prooem.

471 798 537 845 20
576 813 697 845 nam
736 801 818 844 est
855 801 994 845 certe
1026 797 1230 860 aliquid
1260 787 1620 846 consummata
1645 798 1950 862 eloquentia
1975 837 1985 847 .
2015 837 2025 846 .
2056 837 2066 847 .
2096 799 2257 849 altius
2294 801 2473 851 tamen

470 880 624 928 ibunt
663 879 754 943 qui
793 880 859 928 ad
896 895 1099 928 summa
1129 879 1370 928 nitentur
1401 897 1559 944 quam
1585 881 1675 944 qui
1703 919 1712 929 .
1743 919 1753 929 .
1784 919 1793 929 .
1824 881 1962 930 circa
1986 882 2094 930 ima
2118 868 2469 934 substiterint.

472 964 581 1011 The
621 964 1010 1012 abandonment
1036 963 1094 1011 of
1128 964 1219 1012 the
1257 963 1553 1026 figurewas
1584 965 1839 1028 probably
1866 965 1965 1012 due
1990 969 2046 1013 to
2071 965 2162 1014 the
2188 967 2474 1031 preceding

471 1046 731 1108 ‘summa‚'
759 1046 933 1095 which
968 1046 1013 1095 is
1049 1047 1357 1110 equivalent
1381 1051 1436 1095 to
1463 1047 1608 1096 ‘mox
1635 1063 1891 1096 summam
1917 1048 2248 1111 eloquentiae
2274 1049 2471 1098 famam

470 1131 691 1193 adeptus
730 1130 786 1177 in
822 1130 1109 1179 levioribus
1149 1130 1340 1179 studiis
1384 1135 1473 1200 (sc.
1510 1130 1754 1195 poeticis)
1797 1131 2056 1180 subsistis.
2135 1132 2214 1181 Cf.
2243 1148 2283 1181 c.
2312 1133 2378 1181 28
2418 1141 2468 1181 11

471 1229 602 1276 quae
635 1217 725 1282 (sc.
753 1212 909 1278 vitia)
939 1217 1090 1261 natos
1118 1252 1127 1261 .
1159 1251 1168 1262 .
1200 1251 1210 1262 .
1241 1213 1513 1277 excipiunt
1539 1218 1591 1262 et
1618 1252 1628 1262 .
1659 1252 1669 1262 .
1699 1252 1709 1262 .
1740 1214 2074 1263 cumulantur
2099 1215 2164 1264 32
2190 1223 2258 1263 20.

538 1297 602 1344 21
648 1300 708 1346 ut
740 1298 785 1345 si
817 1296 1116 1346 esses=‘as
1143 1296 1202 1358 if,
1228 1297 1300 1361 by
1324 1313 1441 1361 way
1467 1297 1525 1345 of
1554 1297 1826 1361 example)
1902 1298 2383 1362 Usually=quasi,
2411 1314 2471 1349 as

468 1379 524 1427 in
550 1395 589 1428 c.
620 1380 685 1428 10
717 1388 743 1428 9
780 1380 849 1428 H.
879 1380 907 1427 Ι
933 1381 1012 1428 32.
1044 1381 1109 1429 62
1147 1379 1284 1429 Ann.
1315 1380 1374 1427 II
1399 1381 1466 1429 20
1501 1381 1591 1428 ΠΙ
1629 1382 1710 1429 46.
1787 1381 1852 1428 In
1887 1382 2005 1429 Tac.
2047 1381 2312 1446 regularly
2337 1381 2470 1431 with

468 1463 676 1526 imperf.
719 1479 775 1511 or
812 1463 1042 1527 pluperf.
1082 1463 1215 1527 subj.
1247 1464 1336 1526 Cp.
1367 1464 1456 1511 Dr.
1487 1464 1554 1511 H.
1583 1463 1632 1512 S.
1663 1464 1721 1510 Π
1749 1464 2227 1513 642.—ludicras·
2255 1495 2264 1505 ·
2292 1495 2302 1505 ·
2329 1468 2470 1515 artes

468 1562 735 1597 exercere:
778 1546 789 1566 ²
807 1547 1064 1595 Ludicrae
1091 1547 1264 1607 artes,'
1297 1563 1353 1595 as
1381 1547 1587 1595 defined
1612 1547 1681 1611 by
1711 1547 1827 1595 Sen.
1856 1548 1952 1610 Ep.
1982 1548 2064 1608 88,
2091 1548 2175 1609 20,
2203 1563 2290 1596 are
2315 1548 2466 1597 those

469 1630 479 1649 ³
499 1646 631 1694 quae
671 1631 737 1678 ad
762 1630 1091 1692 voluptatem
1118 1630 1385 1678 oculorum
1423 1634 1581 1693 atque
1608 1629 1814 1678 aurium
1839 1630 2098 1690 tendunt,⁷
2127 1631 2231 1679 and
2255 1647 2312 1680 as
2338 1631 2469 1680 such

467 1714 596 1777 they
622 1729 710 1762 are
737 1713 970 1777 opposed
993 1717 1049 1761 to
1076 1712 1087 1732 ‘
1105 1717 1244 1761 artes
1270 1711 1555 1761 honestae.'
1631 1713 1710 1762 Cf.
1740 1713 1850 1761 also
1890 1714 2007 1761 Tac.
2047 1713 2184 1761 Ann.
2224 1714 2359 1763 XIV
2383 1714 2464 1763 15.

466 1798 615 1845 More
642 1797 938 1861 commonly
965 1796 1129 1844 ‘artes
1156 1796 1414 1845 ludicrae'
1442 1796 1610 1844 refers
1639 1800 1695 1844 to
1723 1796 1813 1844 the
1852 1796 2032 1845 drama
2067 1812 2108 1845 e.
2139 1813 2183 1859 g.
2213 1798 2331 1846 Tac.
2358 1796 2393 1845 l.
2422 1813 2463 1846 c.

466 1881 680 1928 foedum
718 1879 954 1928 studium
998 1879 1203 1928 cithara
1244 1879 1507 1929 ludicrum
1549 1879 1605 1927 in
1647 1880 1859 1928 modum
1902 1895 2086 1928 canere
2125 1879 2248 1928 ibid.
2298 1881 2362 1930 16
2400 1897 2464 1929 ne

424 2001 427 2005 .
464 1968 643 2012 tamen
667 1963 899 2011 ludicrae
926 1967 1136 2011 tantum
1174 1962 1506 2026 imperatoris
1539 1967 1628 2031 (sc.
1659 1962 1910 2027 Neronis)
1940 1967 2078 2011 artes
2116 1968 2463 2013 notescerent.

464 2048 592 2095 Hor.
633 2048 729 2110 Ep.
770 2047 830 2094 II
868 2047 914 2108 1,
943 2047 1043 2095 180
1083 2046 1198 2094 Liv.
1226 2047 1336 2097 VII
1369 2047 1400 2093 2
1439 2045 1614 2103 Quint.
1645 2046 1735 2093 III
1762 2047 1809 2105 6,
1839 2047 1902 2093 18
1931 2045 1968 2093 f.
2005 2050 2172 2094 artem
2209 2045 2467 2096 ludicram

465 2130 770 2178 exercuerit.

532 2214 599 2261 22
638 2214 915 2264 honestum
936 2217 1038 2264 est:
1073 2214 1192 2262 Tac.
1213 2212 1350 2260 Ann.
1375 2213 1508 2262 XIV
1533 2212 1745 2260 14-16.
1765 2212 1831 2260 20
1849 2212 1885 2260 f.
1915 2211 2120 2260 reflects
2146 2212 2238 2260 the
2263 2211 2465 2276 typical

463 2298 669 2345 Roman
706 2296 856 2360 point
894 2296 951 2344 of
986 2295 1136 2345 view,
1213 2296 1296 2345 On
1334 2296 1425 2343 the
1464 2294 1692 2343 attitude
1737 2295 1794 2343 of
1830 2295 1921 2343 the
1962 2295 2176 2356 GreekS,
2205 2295 2271 2344 cf.
2309 2296 2462 2346 Corn.

461 2381 657 2443 Nepos,
686 2380 860 2428 Praef.
901 2379 1066 2428 Nulla
1096 2378 1479 2428 Lacedaemoni
1504 2383 1613 2426 tam
1652 2382 1732 2426 est
1769 2378 1963 2427 nobilis
1992 2378 2151 2427 vidua
2188 2373 2324 2442 quae
2357 2395 2465 2428 non

462 2463 518 2510 in
562 2478 743 2511 cenam
787 2467 871 2511 eat
915 2463 1151 2511 mercede
1196 2463 1466 2510 conducta.
1560 2461 1771 2524 Magnis
1816 2460 1872 2508 in
1914 2461 2158 2509 laudibus
2201 2466 2315 2510 tota
2356 2461 2466 2511 fuit

463 2546 684 2595 Graecia
731 2546 984 2594 victorem
1035 2545 1311 2609 Olympiae
1361 2543 1526 2593 citari.
1610 2545 1676 2592 In
1713 2560 1952 2593 scaenam
1990 2559 2113 2592 vero
2151 2543 2364 2607 prodire
2409 2549 2465 2594 et
2531 2544 2533 2546 ’

460 2629 654 2693 populo
693 2645 805 2677 esse
847 2629 1145 2693 spectaculo
1185 2627 1386 2676 nemini
1424 2627 1479 2675 in
1514 2628 1681 2676 isdem
1709 2627 1952 2690 gentibus
1991 2626 2097 2675 fuit
2122 2626 2458 2690 turpitudini,

461 2728 592 2775 quae
639 2712 813 2760 omnia
854 2713 994 2776 apud
1036 2728 1130 2760 nos
1175 2711 1371 2775 partim
1416 2710 1651 2771 infamia,
1697 2710 1892 2774 partim
1929 2710 2152 2758 humilia
2194 2714 2352 2774 atque
2396 2710 2461 2759 ab

460 2795 737 2843 honestate
777 2799 977 2843 remota
1013 2799 1293 2858 ponuntur.
1370 2793 1439 2842 id.
1480 2794 1662 2857 Epam.
1692 2794 1720 2841 1
1762 2793 1953 2842 scimus
1992 2793 2227 2842 musicen
2263 2793 2461 2842 nostris

460 2878 691 2926 moribus
732 2879 910 2926 abesse
952 2894 983 2926 a
1019 2877 1274 2941 principis
1317 2893 1576 2941 persona3
1623 2877 1813 2925 saltare
1850 2892 1989 2937 vero,
2017 2876 2176 2925 etiam
2216 2877 2274 2925 in
2312 2876 2462 2926 vitiis

459 2961 584 3024 poni
613 2980 622 3009 :
663 2977 793 3024 quae
821 2961 997 3009 omnia
1023 2962 1163 3024 apud
1192 2962 1416 3011 Graecos
1446 2965 1499 3009 et
1537 2960 1707 3023 gratia
1732 2965 1785 3009 et
1815 2960 1967 3008 laude
1996 2960 2156 3023 digna
2181 2961 2456 3009 ducuntur.

460 3044 564 3094 Cic.
594 3046 745 3092 Tusc.
774 3044 922 3107 Disp.
966 3044 993 3091 Ι
1031 3044 1077 3104 2,
1106 3046 1139 3091 4
1177 3060 1244 3092 an
1285 3059 1570 3104 censemus,
1611 3043 1655 3091 si
1693 3043 1855 3091 Fabio
1892 3043 2220 3092 nobilissimo
2257 3043 2460 3092 homini

458 3127 603 3175 laudi
629 3128 810 3175 datum
836 3132 974 3175 esset
993 3129 1132 3191 quod
1160 3130 1420 3192 pingeret,
1441 3145 1546 3176 non
1571 3128 1763 3176 multos
1785 3128 1944 3176 etiam
1965 3128 2104 3191 apud
2129 3143 2223 3176 nos
2250 3127 2461 3176 futuros

459 3210 748 3274 Polyclitos
774 3215 827 3258 et
852 3211 1160 3262 Parrhasios
1193 3213 1358 3261 fuisse
1385 3215 1410 3262 ’.Ρ
1448 3214 1630 3261 Honos
1658 3212 1754 3260 alit
1788 3217 1943 3272 artes,
1972 3227 2255 3275 omnesque
2290 3210 2459 3259 incen-

459 3294 655 3341 duntur
695 3293 760 3340 ad
801 3295 976 3344 studia
1011 3298 1190 3359 gloria,
1221 3297 1497 3361 iacentque
1537 3313 1597 3345 ea
1637 3313 1841 3359 semper
1879 3312 2010 3359 quae
2049 3296 2187 3359 apud
2225 3310 2457 3359 quosque

459 3376 823 3439 improbantur
863 3382 991 3429 Hor.
1013 3383 1108 3445 Ep.
1134 3383 1193 3429 Π
1221 3383 1267 3441 1,
1297 3384 1362 3431 93
1388 3382 1441 3429 ff.
1469 3386 1530 3429 ut
1564 3380 1790 3444 primum
1817 3379 2005 3442 positis
2026 3378 2210 3440 nugari
2239 3377 2460 3427 Graecia

458 3461 612 3510 bellis
647 3462 654 3533 J
687 3465 859 3528 coepit
887 3471 939 3514 et
965 3466 1020 3513 in
1047 3465 1238 3514 vitium
1264 3465 1480 3513 fortuna
1516 3462 1682 3511 labier
1708 3477 1886 3525 aequa.
1924 3460 1929 3530 l
1962 3476 2100 3509 nunc
2138 3459 2456 3508 athletarum

461 3548 667 3607 studiis,
696 3565 833 3597 nunc
876 3549 1006 3597 arsit
1048 3564 1313 3611 equorum,
1343 3544 1615 3595 marmoris
1656 3548 1746 3593 aut
1785 3544 1954 3592 eboris
1994 3543 2169 3592 fabros
2198 3546 2289 3591 aut
2322 3541 2456 3590 aeris

462 3631 674 3691 amavit,
712 3629 719 3698 Ι
753 3629 1031 3694 suspendit
1069 3629 1211 3693 picta
1236 3629 1438 3677 voltum
1475 3632 1807 3690 mentemque
1844 3626 2041 3674 tabella
2073 3624 2079 3695 Ι
2112 3640 2249 3673 nunc
2286 3622 2456 3672 tibici-

2696 3518 2698 3523 ”
2698 3479 2700 3482 ”
2700 2947 2716 3438 ,ἲὲἳὶΙΜᾼ-Α·
2702 3043 2703 3047 ⁴
2700 2866 2716 2954 Ana
2703 2766 2716 2862 MT·
2702 2687 2705 2702 Α·
