2716 3964
608 252 740 308 cxiv
1369 265 1840 308 PROLEGOMENA.

851 413 929 480 (3)
991 411 1262 460 Predieate
1299 428 1470 473 aqrees
1506 411 1563 460 in
1600 414 1807 460 number
1842 412 1968 461 with
2003 414 2087 462 the
2122 424 2320 465 nearest
2343 417 2407 480 of
2431 425 2524 468 two
2548 435 2609 468 or

991 501 1126 532 more
1161 484 1369 547 sulgjects
1386 501 1402 531 .·

991 563 1059 599 est
1080 557 1306 610 quoddam
1324 589 1333 598 .
1356 588 1366 598 .
1389 588 1399 598 .
1419 558 1596 609 pondus
1615 562 1661 599 et
1680 558 1935 600 constantia
1953 559 2033 612 (*c.
2058 559 2084 599 6
2104 559 2179 613 20),
2203 564 2327 601 recta
2345 565 2413 602 est
2430 562 2607 606 indoles

991 632 1036 668 et
1055 629 1175 669 bona
1198 639 1299 678 spes
1322 627 1391 667 sui
1415 628 1467 681 (c.
1496 627 1519 668 7
1541 628 1615 681 14),
1650 628 1943 679 relinquenda
1972 628 2252 670 conversatio
2281 630 2529 673 amicorum
2557 637 2605 676 et

990 698 1246 739 iucunditas
1264 698 1389 738 urbis
1412 698 1465 751 (0.
1492 698 1518 737 9
1537 698 1612 751 30),
1636 697 1795 749 vulgus
1817 728 1826 738 .
1849 729 1860 740 .
1881 728 1891 738 .
1913 701 1958 738 et
1978 696 2181 738 adfluens
2201 702 2246 739 et
2264 710 2404 752 vagus
2423 701 2606 743 auditor

990 767 1194 808 adsuevit
1224 770 1277 821 (c.
1303 769 1357 808 20
1379 775 1400 807 8
1419 767 1491 821 1.),
1524 768 1583 808 sit
1611 768 1659 808 in
1688 773 1907 820 apparatu
1937 769 2032 809 eius
2062 773 2107 810 et
2136 781 2296 810 aurum
2325 775 2372 812 et
2398 783 2600 824 gemmae

992 837 1072 890 (*c.
1093 838 1146 876 22
1167 838 1242 891 20),
1268 838 1430 878 omissa
1449 835 1669 879 modestia
1689 851 1740 879 ac
1762 839 1931 890 pudore
1951 841 2031 894 (*c.
2053 840 2106 880 26
2124 841 2198 894 18),
2218 841 2421 884 incusato
2440 843 2601 886 Asinio

988 909 1034 946 et
1054 906 1205 947 Caelio
1226 910 1271 947 et
1293 907 1431 948 Calvo
1451 909 1530 962 (*c.
1555 909 1609 948 26
1629 909 1704 961 24),
1727 909 1851 960 quies
1871 913 1916 949 et
1933 940 1942 950 .
1966 940 1975 950 .
1999 941 2007 950 .
2031 910 2173 950 otium
2194 914 2239 951 et
2256 941 2265 951 .
2288 942 2298 952 .
2321 942 2331 953 .
2351 913 2603 965 tranquilli-

986 979 1058 1016 tas
1077 979 1123 1015 et
1142 977 1338 1017 maxime
1362 977 1576 1028 principis
1600 977 1837 1029 disciplina
1858 1010 1868 1020 .
1895 1009 1904 1019 .
1932 1010 1941 1019 .
1968 979 2264 1030 depacaverat
2286 981 2366 1035 (³⁸⁵0.
2392 981 2446 1022 38
2466 983 2597 1037 ext),

987 1044 1223 1086 clientelae
1259 1058 1435 1097 quoque
1470 1058 1520 1087 ac
1555 1047 1698 1087 tribus
1720 1077 1729 1087 .
1757 1078 1766 1087 .
1794 1078 1803 1087 .
1829 1048 2073 1099 legationes
2108 1061 2159 1089 ac
2190 1061 2295 1100 pars
2329 1050 2487 1092 Italiae
2509 1083 2518 1092 .
2545 1082 2556 1092 .
2583 1082 2594 1094 .

986 1114 1222 1155 adsisteret
1259 1115 1312 1168 (0.
1339 1115 1394 1155 39
1413 1115 1486 1168 28).
1564 1116 1659 1156 The
1694 1117 1802 1156 verb
1835 1117 2013 1168 usually
2047 1118 2259 1168 precedes
2292 1118 2341 1159 in
2372 1120 2498 1161 these
2531 1121 2604 1161 in-

984 1187 1174 1223 stances.
1212 1183 1293 1224 See
1314 1185 1407 1225 also
1428 1198 1465 1227 c.
1490 1186 1542 1226 37
1564 1194 1605 1225 14
1633 1188 1751 1227 cited
1771 1189 1916 1228 under
1938 1190 2014 1242 (2).

844 1240 940 1320 (4)'
984 1252 1221 1300 Relative
1236 1269 1473 1314 pronoun
1496 1253 1752 1315 referring(
1769 1254 1892 1301 baele
1913 1262 1959 1302 to
1980 1256 2063 1303 tlte
2082 1272 2264 1305 nearer
2281 1260 2596 1308 antecedent:

982 1335 1255 1386 praesidium
1284 1335 1418 1375 simul
1448 1347 1499 1376 ac
1529 1335 1684 1385 telum,
1710 1347 1798 1387 quo
1822 1337 1875 1390 (c.
1903 1337 1927 1376 5
1947 1337 2022 1390 28),
2047 1349 2233 1380 nemora
2251 1351 2358 1381 vero
2378 1345 2424 1382 et
2442 1341 2533 1383 luci
2551 1346 2603 1385 et.

983 1409 1204 1444 secretum
1226 1401 1371 1455 ipsum
1393 1404 1512 1455 quod
1537 1405 1589 1458 (0.
1619 1405 1668 1444 12
1694 1405 1745 1458 1).

840 1473 918 1542 (5)
982 1474 1179 1522 Neuter
1204 1474 1426 1536 plurale,
1455 1474 1580 1521 with
1606 1481 1699 1522 two
1717 1474 1977 1537 feminine
2002 1477 2222 1524 abstraet
2245 1493 2438 1528 noun-3:

981 1557 1190 1597 lasciviae
1212 1561 1257 1597 et
1277 1557 1505 1598 dicacitati
1524 1546 1604 1608 per
1624 1568 1737 1608 quae
1762 1558 1841 1611 (*c.
1867 1558 1922 1598 29
1944 1558 1994 1610 8).

590 1641 652 1688 Β.
731 1641 877 1704 Style
908 1641 1014 1690 and
1045 1641 1314 1691 Rhetoric.

731 1723 777 1771 1.
836 1723 1182 1773 COLLOCATIO
1226 1739 1546 1772 VERBORUM.

838 1807 915 1874 (1)
984 1806 1344 1855 Substantives.

980 1901 1021 1932 α.
1064 1891 1434 1931 TRANSPOSITION
1455 1902 1512 1931 oF
1533 1903 1811 1932 coenoman:
1841 1892 1963 1932 Iuste
1984 1892 2096 1934 Fabi
2115 1894 2195 1947 (³⁸⁵0.
2214 1894 2236 1934 1
2254 1893 2308 1947 1),
2328 1895 2595 1937 Marcellum

1061 1961 1182 2000 hunc
1217 1960 1406 2011 Eprium
1444 1961 1497 2013 (c.
1530 1961 1555 2000 8
1579 1961 1633 2013 1),
1674 1960 1880 2012 Crispum
1915 1962 2101 2002 Vibium
2139 1963 2192 2016 (c.
2218 1963 2244 2003 8
2266 1964 2321 2016 2),
2361 1964 2597 2006 Secundus

1062 2030 1340 2080 Pomponius
1387 2029 1503 2070 Afro
1552 2030 1754 2070 Domitio
1806 2031 1859 2084 (c.
1897 2031 1948 2070 13
1978 2032 2052 2084 1ο),
2105 2033 2345 2084 Turpionis
2389 2033 2597 2075 Ambivii.

1066 2100 1120 2153 (0.
1146 2100 1200 2139 20
1222 2100 1294 2153 12).

977 2168 1012 2210 b.
1060 2170 1114 2209 In
1134 2169 1211 2209 the
1233 2169 1539 2210 combination
1561 2168 1609 2209 of
1634 2182 1735 2209 Two
1755 2182 1937 2210 Pnormz
1957 2181 2125 2221 names,
2149 2171 2226 2212 the
2246 2183 2520 2223 praenomen
2539 2185 2598 2214 or

1060 2250 1308 2290 cognomen
1330 2238 1367 2278 is
1386 2251 1547 2278 ADDED
1567 2242 1615 2278 to
1634 2251 1757 2278 Born
1779 2250 1830 2279 or
1849 2251 2056 2279 omnmo
2077 2239 2124 2279 in
2142 2240 2267 2291 both,
2290 2240 2363 2281 for
2381 2241 2458 2282 the
2481 2241 2589 2282 sake

1060 2308 1109 2348 of
1136 2311 1414 2359 symmetry:
1454 2319 1491 2348 0.
1515 2309 1540 2347 2
1561 2314 1646 2347 5.11
1686 2307 1774 2347 320
1808 2307 1972 2348 811223
2009 2308 2060 2348 13
2081 2309 2172 2349 los.
2210 2309 2261 2350 15
2282 2317 2323 2351 17
2353 2310 2402 2351 17
2423 2317 2465 2351 25
2495 2311 2546 2351 18
2567 2319 2590 2352 9

1065 2377 1245 2431 (Catoni
1266 2376 1490 2417 seni—C.
1518 2377 1757 2417 Gracchus.
1823 2377 1941 2417 Here
1967 2378 2087 2418 ‘seni
2102 2379 2114 2399 ‘
2137 2378 2265 2419 takes
2290 2379 2367 2419 the
2392 2379 2518 2431 place
2542 2379 2595 2420 of

1061 2458 1088 2487 a
1113 2446 1381 2499 cognomen)
1404 2447 1539 2487 10.*17
1562 2446 1675 2498 (crit.
1702 2446 1825 2498 note)
1849 2447 1903 2486 20
1918 2453 1950 2486 4.
1965 2448 2031 2486 *11
2070 2447 2124 2486 23
2139 2454 2161 2487 8
2179 2446 2211 2487 f.
2245 2448 2300 2488 25
2318 2454 2360 2488 31
2397 2447 2452 2488 26
2467 2448 2595 2489 2f.32

1059 2516 1140 2555 *34
1160 2523 1202 2555 32
1222 2515 1268 2557 ff.
1303 2515 1393 2555 354
1422 2514 1659 2555 379f.25f.
1695 2515 1861 2556 3920f.
1896 2516 2031 2556 403f.

978 2597 1011 2625 c.
1062 2585 1244 2626 OBJECT
1273 2584 1431 2636 placed
1459 2584 1664 2624 between
1694 2597 1795 2625 Two
1823 2597 2134 2626 PREDmATEs:
2169 2585 2372 2627 intulerit
2399 2586 2515 2628 ictus
2544 2591 2595 2628 et.

1061 2654 1285 2705 exceperit
1309 2654 1388 2707 (*c.
1415 2653 1466 2694 37
1487 2654 1561 2706 35).

978 2723 1017 2763 d.
1063 2723 1221 2774 Object
1243 2734 1458 2762 Fonnows
1478 2722 1731 2774 predicate:
1761 2727 1813 2763 ut
1832 2727 2062 2774 pateretur
2082 2727 2127 2764 et
2146 2724 2264 2776 leges
2287 2725 2366 2778 (*c.
2391 2724 2447 2765 40
2466 2725 2540 2778 25).

979 2804 1011 2832 e.
1062 2792 1176 2833 GEN.
1222 2792 1332 2832 with
1376 2803 1603 2833 DEMONST.
1648 2804 1863 2832 Pnonomn·
1908 2805 2145 2833 Pnncnnns
2189 2793 2265 2833 the
2303 2805 2428 2834 noun
2465 2805 2590 2845 upon

1060 2862 1206 2902 which
1235 2862 1343 2912 they
1373 2861 1575 2912 depend:
1617 2861 1816 2901 eiusdem
1845 2862 2006 2902 aetatis
2035 2866 2232 2903 oratores
2261 2863 2341 2916 (*c.
2367 2864 2421 2903 22
2435 2870 2457 2903 3
2485 2862 2582 2903 crit.

1061 2931 1201 2984 note),
1238 2931 1485 2971 eorundem
1515 2934 1771 2982 temporum
1803 2931 1991 2971 disertos
2028 2933 2081 2984 (0.
2107 2933 2161 2971 25
2182 2932 2256 2984 14),
2292 2931 2491 2972 eiusdem
2521 2931 2595 2972 fa-

1061 3000 1210 3040 miliae
1231 3000 1409 3041 suboles
1432 3001 1485 3054 (c.
1512 3001 1565 3041 28
1586 3001 1660 3053 17),
1685 3001 1883 3041 eiusdem
1908 3001 2068 3041 aetatis
2091 3005 2305 3052 patronos
2327 3002 2381 3055 (0.
2407 3000 2461 3041 34
2480 3001 2553 3054 14).

968 3069 1009 3119 f.
1058 3069 1164 3110 Ona.
1192 3082 1298 3110 GEN.
1324 3070 1560 3121 precedes:
1601 3070 1718 3110 vitae
1750 3070 1902 3110 omnia
1931 3070 2116 3111 consilia
2145 3070 2353 3121 factaque
2383 3070 2437 3124 (c.
2462 3069 2488 3110 6
2508 3070 2589 3122 19),

1063 3140 1118 3179 H.
1145 3140 1188 3178 V
1211 3139 1262 3179 16
1293 3139 1422 3179 fessis
1441 3138 1558 3179 bello
1578 3139 1701 3190 pacis
1721 3150 1848 3179 amor
1866 3139 2167 3190 praemiaque.

836 3208 914 3276 (2)
978 3207 1278 3271 Adjeetives.
2698 3271 2711 3278 „

978 3302 1018 3331 a.
1064 3303 1197 3341 UNUS,
1222 3291 1353 3331 When
1380 3291 1533 3342 joined
1562 3294 1611 3332 to
1641 3292 1830 3332 another
1859 3290 1945 3341 adj.
1975 3295 2056 3331 not
2085 3303 2112 3332 a
2140 3290 2357 3341 numeral,
2381 3290 2591 3340 follows.-
2656 3322 2677 3330 2

1060 3359 1244 3411 longum
1275 3364 1320 3400 et
1348 3372 1490 3400 unum
1515 3361 1595 3414 (*c.
1624 3360 1673 3400 17
1696 3360 1771 3413 13),
1795 3360 1914 3400 solus
1943 3360 2096 3400 statim
2120 3364 2165 3400 et
2188 3370 2306 3400 unus
2329 3359 2408 3413 (ἕο.
2434 3358 2487 3398 34
2506 3359 2583 3412 31),

1061 3429 1418 3480 sapientissimus
1438 3433 1483 3470 et
1501 3440 1619 3469 unus
1642 3431 1695 3482 (c.
1720 3429 1772 3468 41
1795 3429 1867 3481 16).

978 3495 1014 3538 b.
1062 3498 1388 3538 Armmunvn
1420 3511 1519 3538 Am.
1550 3497 1808 3549 expressing
1827 3509 1854 3538 a
1874 3497 2204 3538 characteristic
2235 3496 2406 3548 quality
2436 3495 2484 3537 of
2511 3496 2592 3536 the

1062 3567 1355 3616 substantive,
1395 3579 1638 3618 pauonum
1684 3579 2002 3607 ros-rposnuvn
2039 3566 2321 3607 attributives
2355 3576 2526 3616 convey
2560 3576 2587 3604 a

1061 3634 1228 3686 special
1249 3635 1482 3685 emphasis,
1507 3646 1543 3675 e.
1560 3646 1599 3687 g.
1626 3634 1852 3686 profluens
1870 3646 2015 3675 sermo
2040 3635 2092 3688 (c.
2114 3636 2140 3674 2
2161 3635 2235 3688 14),
2259 3645 2422 3686 pravae
2451 3633 2593 3673 interw
