2716 3964
1224 286 1272 326 c.
1307 285 1374 325 23.
2177 271 2284 324 253

369 430 435 479 17
473 431 785 481 infirmitas:
814 431 957 479 Here
984 430 1041 478 in
1065 431 1135 479 its
1166 430 1414 480 classical-
1439 429 1686 492 meaning
1722 429 1733 448 ‘
1751 428 2158 491 indisposition.'
2220 430 2286 477 In

298 516 435 560 most
471 512 742 579 post-Aug.
776 514 991 562 authors
1034 514 1126 562 the
1174 514 1320 569 word
1362 513 1406 562 is
1457 512 1712 576 virtually
1756 527 2111 576 synonymous
2154 512 2287 560 with

298 595 523 644 morbus.
554 612 593 643 e.
612 613 657 658 g.
681 596 819 644 Plin.
840 597 906 644 ad
926 596 1063 643 Trai.
1083 597 1166 644 XI
1195 597 1334 644 Suet.
1356 597 1467 644 Tib.
1486 600 1515 645 7
1519 598 1564 643 2.
1643 595 1795 644 With
1818 595 1909 643 the
1946 595 2187 658 thought,
2216 596 2283 644 cf.

302 678 417 726 Sen.
445 679 568 726 Nat.
598 678 806 734 Quaest.
833 677 972 725 Prol.
1001 679 1031 726 6
1081 677 1307 725 multum
1358 677 1581 727 interest
1625 678 1763 726 inter
1813 678 1952 726 vires
1997 682 2051 727 et
2097 679 2287 727 bonam

296 760 668 809 valetudinem.

366 844 432 892 18
470 858 560 894 vos
589 857 737 893 vero:
763 843 796 891 i.
826 859 866 892 0.
896 844 1046 892 these
1071 844 1305 893 remarks
1333 845 1399 893 do
1424 848 1518 892 not
1544 844 1705 908 apply
1729 848 1784 892 to
1809 860 1914 908 you
1938 844 2055 893 Who
2082 844 2286 908 despite

295 942 428 990 your
454 926 659 975 intense
686 926 1003 975 admiration
1028 927 1111 974 for
1137 927 1228 975 the
1255 927 1508 988 ancients,
1531 928 1596 975 do
1622 932 1715 975 not
1741 928 2000 992 slavishly
2025 928 2205 976 follow
2231 928 2288 975 in

295 1008 436 1058 their
461 1009 737 1072 footsteps,
766 1009 850 1058 for
873 1025 1007 1073 your
1033 1010 1295 1072 speeches,
1316 1010 1474 1058 while
1500 1010 1766 1073 retaining
1790 1012 1932 1059 What
1958 1011 2002 1059 is
2029 1011 2287 1060 excellent

296 1107 486 1155 among
509 1092 600 1140 the
639 1092 891 1153 ancients,
920 1108 1006 1141 are
1033 1092 1319 1141 admirable
1358 1092 1649 1156 specimens
1676 1094 1734 1141 of
1767 1094 1857 1142 the
1895 1095 2111 1142 modern
2149 1094 2286 1158 style

296 1174 354 1222 of
390 1175 673 1238 eloquence
700 1175 804 1223 and
828 1175 956 1239 they
981 1175 1094 1222 will
1121 1191 1306 1223 sooner
1332 1191 1389 1223 or
1414 1175 1548 1224 later
1573 1176 1636 1224 be
1663 1177 1919 1239 regarded
1944 1192 1999 1225 as
2027 1177 2287 1240 shedding

295 1256 462 1306 lustre
486 1274 630 1321 upon
656 1274 749 1306 our
774 1274 882 1320 age.

365 1340 430 1389 19
469 1341 780 1390 inlustrate:
820 1340 899 1390 Cf.
937 1356 978 1389 c.
1008 1342 1074 1389 37
1100 1348 1154 1387 24
1194 1341 1298 1389 and
1336 1341 1512 1398 Quint.
1554 1343 1607 1390 X
1647 1342 1693 1402 1,
1734 1342 1833 1389 122
1886 1358 2088 1391 summa
2129 1343 2285 1392 hodie

296 1422 484 1486 quibus
511 1423 826 1471 inlustratur
865 1423 1039 1471 forum
1076 1423 1301 1486 ingenia.
1378 1424 1506 1472 This
1533 1425 1847 1487 apostrophe
1873 1441 1978 1473 was
2018 1426 2285 1474 doubtless

295 1507 577 1568 suggested
601 1506 670 1570 by
697 1506 800 1556 Cic.
831 1507 894 1554 de
921 1510 1050 1554 orat.
1080 1507 1108 1553 Ι
1135 1507 1182 1567 8,
1209 1507 1276 1555 34
1316 1522 1471 1569 quam
1498 1507 1562 1554 ob
1599 1523 1709 1555 rem
1745 1507 1965 1571 pergite,
1992 1513 2052 1556 ut
2089 1509 2283 1571 facitis,

294 1589 656 1638 adulescentes
683 1593 841 1652 atque
867 1589 924 1636 in
949 1589 1005 1637 id
1031 1589 1280 1650 studium,
1308 1589 1365 1637 in
1391 1606 1492 1653 quo
1519 1590 1663 1651 estis,
1691 1590 1992 1639 incumbite.

362 1672 429 1719 22
468 1673 654 1722 electio
686 1673 1037 1723 inventionis:
1076 1673 1385 1721 Translate:
1426 1672 1437 1692 ³
1458 1673 1597 1722 Such
1632 1673 1916 1737 happiness
1955 1675 2020 1722 do
2055 1691 2160 1738 you
2186 1675 2286 1724 dis-

292 1753 420 1819 play
445 1754 502 1802 in
525 1755 616 1803 the
644 1754 821 1804 choice
848 1755 906 1803 of
928 1771 1061 1819 your
1088 1756 1325 1820 subject!

465 1867 570 1906 ‘ea’
604 1866 641 1906 is
673 1878 731 1906 an
763 1866 943 1906 evident
974 1867 1370 1907 emendation-for
1404 1868 1499 1907 ‘et’
1542 1868 1687 1907 Which
1719 1868 1922 1919 destroys
1953 1869 2028 1908 the
2062 1870 2285 1918 asyndetic

404 1935 669 1976 collocation
687 1947 736 1975 so
757 1935 973 1986 carefully
989 1936 1224 1987 preserved
1244 1937 1518 1988 throughout
1538 1937 1613 1976 the
1634 1937 1983 1988 symmetrically
2000 1939 2285 1979 constructed

402 2005 671 2055 peroration.

360 2086 427 2134 24
465 2087 700 2150 planitas
738 2086 1122 2151 ‘perspicuity,⁷
1150 2103 1181 2136 a
1207 2090 1285 2137 ἄπ.
1316 2092 1396 2152 εἷρ.
1426 2088 1630 2149 formed
1654 2088 1791 2136 from
1829 2087 2079 2152 ‘planus‚'
2109 2090 2284 2139 Which

291 2168 441 2230 often
466 2170 559 2218 has
585 2169 694 2218 this
721 2170 980 2233 meaning.
1058 2170 1136 2220 Cf.
1167 2175 1290 2218 note
1316 2186 1356 2218 c.
1386 2171 1450 2218 21
1481 2178 1544 2218 16.

359 2252 426 2300 26
464 2253 778 2316 malignitas
809 2256 861 2302 et
890 2254 1128 2303 invidia:
1161 2253 1271 2301 The
1293 2269 1434 2301 same
1455 2253 1767 2302 collocation
1786 2270 1964 2303 occurs
1991 2255 2047 2302 in
2072 2271 2112 2304 c.
2135 2256 2201 2304 25
2227 2264 2282 2304 28

294 2334 488 2403 (where
515 2350 601 2383 see
627 2335 772 2399 note)
805 2335 922 2384 Sen.
946 2336 1009 2383 de
1036 2335 1116 2384 ira
1140 2336 1231 2383 ΙΙΙ
1257 2336 1288 2384 5
1337 2337 1433 2399 Ep.
1454 2336 1570 2396 106,
1599 2338 1629 2384 6
1681 2337 1823 2385 Curt.
1847 2338 1989 2386 VIII
2016 2338 2061 2399 1,
2084 2339 2150 2387 23
2178 2340 2282 2387 and

291 2432 348 2465 so
382 2417 642 2482 similarly
694 2418 816 2466 Sall.
848 2419 957 2468 Cat.
987 2420 1034 2479 3,
1062 2419 1094 2466 2
1132 2418 1508 2467 malevolentia
1544 2424 1596 2467 et
1633 2419 1837 2468 invidia
1885 2421 1989 2470 Cic.
2019 2422 2166 2470 Brut.
2195 2423 2279 2484 42,

290 2499 391 2548 156
436 2500 579 2550 Caes.
611 2501 670 2549 B.
695 2502 754 2550 G.
778 2502 806 2548 I
829 2504 858 2550 7
886 2501 1200 2550 obtrectatio
1227 2506 1280 2549 et
1305 2501 1509 2550 invidia
1553 2503 1670 2550 Tac.
1694 2502 1790 2565 Ag.
1813 2503 1878 2551 41
1923 2503 2062 2552 Plin.
2085 2505 2278 2567 Paneg.

290 2582 374 2644 58,
419 2583 450 2631 5
502 2583 642 2632 Suet.
684 2584 808 2632 Ner.
844 2585 911 2633 23
962 2584 1068 2634 Cal.
1116 2585 1182 2633 34
1232 2584 1562 2647 malignitate
1603 2589 1655 2632 et
1694 2584 1860 2634 livore
1911 2587 2027 2635 Tac.
2070 2587 2138 2635 H.
2180 2589 2207 2635 I
2248 2589 2277 2636 1

289 2665 599 2715 obtrectatio
626 2670 678 2715 et
703 2666 868 2715 livore
912 2667 974 2715 D.
1002 2668 1151 2715 Brut.
1175 2683 1254 2730 ap.
1280 2667 1383 2716 Cic.
1407 2667 1474 2715 ad
1499 2667 1622 2715 fam.
1651 2668 1734 2715 XI
1755 2668 1835 2729 10,
1858 2669 1887 2716 1
1909 2669 2282 2719 malevolentia

290 2752 343 2796 et
367 2748 547 2797 livore.
590 2750 684 2798 800
703 2749 1028 2814 Nipperdey,
1055 2751 1158 2798 Ra.
1181 2752 1316 2797 MuS.
1346 2751 1484 2798 XIX
1511 2751 1625 2798 573.
1643 2751 1840 2799 —The
1867 2752 2152 2802 sentiment
2178 2754 2222 2802 is
2249 2770 2281 2802 a

288 2832 690 2896 commonplace.
772 2833 850 2883 Cf.
881 2833 972 2882 Ov.
1003 2833 1120 2880 Am.
1149 2834 1177 2880 Ι
1204 2834 1284 2894 15,
1313 2834 1378 2881 39
1400 2833 1436 2880 f.
1466 2833 1711 2881 Pascitur
1737 2834 1792 2881 in
1818 2834 1955 2883 vivis
1981 2836 2132 2898 livor,
2159 2842 2280 2901 post

288 2912 402 2962 fata
426 2914 653 2978 quiescit
685 2914 691 2985 Ι
723 2920 849 2964 tunc
889 2931 1013 2963 suus
1048 2931 1113 2963 ex
1151 2915 1338 2963 merito
1365 2931 1622 2979 quemque
1659 2920 1838 2964 tuetur
1876 2917 2040 2967 honos
2090 2920 2185 2983 Ep.
2214 2936 2278 2968 ex

288 2996 440 3045 Pont.
464 2998 554 3045 III
579 2999 627 3059 4,
649 2999 751 3047 474
771 2998 808 3046 f.
862 2998 1070 3061 Scripta
1095 2998 1304 3061 placent
1330 3014 1360 3046 a
1384 3003 1550 3046 morte
1577 2999 1687 3047 fere
1714 2999 1838 3062 quia
1862 3000 2068 3050 laedere
2094 3002 2265 3073 vivos}

288 3077 424 3127 livor
449 3084 502 3128 et
527 3080 725 3128 iniusto
751 3096 963 3143 carpere
990 3081 1145 3128 dente
1173 3080 1307 3128 solet
1356 3081 1433 3130 IV
1460 3081 1539 3141 16,
1570 3081 1598 3128 1
1622 3081 1658 3130 f.
1688 3081 1882 3143 invide,
1912 3084 2041 3146 quid
2078 3085 2276 3133 laceras

288 3161 517 3210 Nasonis
558 3162 790 3211 carmina
829 3163 969 3227 rapti
1002 3162 1007 3231 Ι
1040 3180 1145 3211 11011
1183 3163 1317 3211 solet
1356 3163 1582 3225 ingeniis
1627 3179 1830 3213 summa
1871 3182 2056 3215 nocere
2095 3168 2206 3215 dies
2241 3167 2246 3236 Ι

288 3243 532 3308 famaque
553 3250 672 3308 post
698 3245 897 3294 cineres
919 3246 1083 3294 maior
1103 3245 1251 3294 venit
1310 3246 1425 3294 Sen.
1447 3246 1510 3294 de
1530 3251 1697 3310 tranq.
1716 3248 1796 3308 14,
1819 3249 1851 3296 4
1873 3249 2059 3298 Kanus
2088 3251 2274 3311 Iulius,

289 3325 371 3373 vir
408 3327 651 3390 inprimis
678 3344 912 3391 magnus,
942 3329 1089 3378 cuius
1119 3328 1456 3376 admirationi
1483 3344 1548 3377 ne
1574 3329 1670 3378 hoc
1697 3331 1909 3393 quidem
1935 3333 2110 3381 obstat
2139 3334 2277 3396 quod

289 3413 468 3457 nostro
509 3411 714 3459 saeculo
754 3415 908 3459 natus
953 3415 1032 3459 est
1122 3411 1185 3459 de
1211 3411 1351 3459 brev.
1383 3411 1462 3471 15,
1502 3412 1534 3458 4
1572 3415 1626 3459 at
1666 3411 1732 3460 iis
1777 3430 1908 3476 quae
1949 3416 2276 3464 consecravit

290 3491 564 3554 sapientia,
592 3493 766 3542 noceri
801 3509 905 3541 non
941 3498 1131 3557 potest,
1159 3493 1306 3541 nulla
1342 3493 1571 3542 abolebit
1608 3499 1766 3556 aetaS,
1795 3497 1942 3545 nulla
1978 3497 2272 3546 diminuet:

290 3586 511 3636 sequens
538 3590 596 3624 ac
621 3575 810 3624 deinde
836 3591 1040 3639 semper
1066 3575 1285 3624 ulterior
1311 3575 1515 3639 aliquid
1544 3577 1610 3625 ad
1634 3578 2027 3627 venerationem
2053 3581 2272 3642 confert,
