2716 3964
904 236 1375 279 PROLEGOMENA.
2040 227 2141 279 lvii

144 396 379 445 quaeque
405 380 511 430 alia
558 381 624 429 89
650 379 825 429 oriens
851 380 1198 444 occidensque
1225 384 1279 429 et
1305 381 1564 445 quidquid
1612 382 1672 430 II
1699 383 1729 432 6
1767 382 1857 430 III
1884 383 1949 432 52
1999 383 2136 433 Ann.

142 464 171 511 I
196 463 263 512 32
287 462 518 526 vigilias,
542 463 796 511 stationes
823 467 877 511 et
903 462 949 511 si
975 479 1078 526 qua
1102 463 1209 511 alia
1245 464 1311 512 35
1350 464 1409 511 II
1435 465 1502 513 33
1540 465 1631 512 III
1657 465 1723 513 28
1762 466 1876 513 XII
1903 467 1969 514 36
2007 467 2143 517 XIV

142 548 188 596 3.
217 547 263 596 5.
282 564 423 594 —or
445 548 506 609 by
531 564 602 594 an
626 560 880 594 ADVERB:
926 562 966 595 c.
996 547 1062 595 16
1091 554 1142 594 18
1167 551 1372 595 veteres
1399 552 1452 596 et
1477 548 1602 596 olim
1629 552 1781 596 natos
1830 549 1898 596 24
1920 557 1972 596 10
1997 566 2141 598 more

141 633 319 678 vetere
346 667 356 678 .
386 666 397 677 .
426 666 437 677 .
466 618 621 693 saepe
665 629 927 678 celebrato
988 629 1085 691 Ag.
1124 630 1190 677 14
1230 634 1408 679 vetere
1448 635 1501 679 et
1540 631 1644 679 iam
1685 631 1890 695 pridem
1930 637 2143 696 recepta

144 712 203 762 G.
230 712 263 760 2
299 711 613 760 vocabulum
647 727 826 760 recens
866 716 919 760 et
954 728 1123 775 nuper
1160 713 1401 761 additum
1450 715 1480 762 5
1506 718 1737 762 veterem
1764 719 1817 762 et
1843 714 1934 762 diu
1959 720 2141 763 notam

142 795 208 843 13
246 779 628 843 robustioribus
668 810 727 843 ac
765 794 871 843 iam
910 795 1117 858 pridem
1155 795 1392 858 probatis
1459 797 1525 845 41
1565 797 1826 846 inclutum
1865 802 1918 845 et
1955 803 2139 846 notum

141 877 267 926 olim
327 878 397 925 H.
426 877 486 925 II
512 878 577 926 38
604 882 756 926 vetus
783 882 836 926 et
861 878 966 926 iam
1003 878 1209 941 pridem
1247 878 1411 927 insita
1470 880 1535 928 53
1567 880 1672 948 (for
1697 879 1835 928 Ann.
1859 881 1919 928 II
1946 881 2011 929 53
2034 883 2044 929 1
2082 881 2139 929 in

140 959 312 1025 ka.)
351 976 517 1008 novus
555 960 726 1009 adhuc
767 965 819 1009 et
854 999 864 1009 .
895 999 904 1008 .
935 999 944 1008 .
979 977 1147 1024 nuper
1184 962 1417 1010 adscitus
1478 962 1616 1011 Ann.
1646 964 1725 1013 IV
1749 965 1816 1012 34
1847 965 1934 1032 (43
1961 964 2134 1028 ka.)

139 1059 275 1092 novo
311 1059 370 1092 ac
406 1047 520 1091 tum
557 1043 786 1107 primum
823 1043 1003 1091 audito
1064 1045 1211 1092 XIII
1239 1045 1304 1093 19
1339 1061 1441 1092 non
1477 1049 1658 1093 vetera
1695 1050 1748 1093 et
1784 1046 1993 1109 saepius
2032 1047 2138 1094 iam

141 1126 321 1175 audita
367 1127 470 1176 XV
495 1126 526 1174 5
557 1130 709 1174 vetus
737 1130 791 1174 et
815 1126 1028 1190 penitus
1056 1126 1278 1175 infixum
1327 1128 1394 1175 24
1420 1127 1598 1191 priora
1622 1133 1675 1176 et
1700 1128 1897 1177 totiens
1926 1129 2134 1178 iactata.

208 1210 254 1257 d.
293 1209 403 1257 sine
438 1209 564 1257 with
599 1211 747 1257 subst.
775 1211 1018 1272 followed
1053 1211 1115 1273 by
1151 1211 1277 1273 adj„-
1327 1226 1368 1258 c.
1398 1212 1464 1259 40
1493 1219 1542 1258 11
1571 1211 1684 1259 sine
1720 1212 1985 1275 obsequio,
2021 1213 2135 1261 sine

140 1291 438 1353 severitate,
467 1296 764 1353 contumax,
797 1292 1078 1341 temeraria
1140 1293 1199 1342 Gr.
1234 1293 1300 1342 35
1339 1293 1453 1342 sine
1491 1294 1798 1357 cupiditate,
1831 1295 1944 1344 sine
1976 1295 2136 1359 impo-

138 1375 322 1436 tentia,
351 1375 520 1438 quieti
547 1375 853 1439 secretique.

207 1475 246 1507 e.
291 1459 396 1506 The
422 1460 522 1506 last
546 1461 759 1507 member
783 1459 828 1506 is
854 1459 1123 1522 amplzfled
1137 1476 1153 1506 .·
1197 1475 1237 1508 c.
1267 1461 1298 1508 6
1327 1468 1376 1507 11
1403 1464 1608 1509 veteres
1635 1466 1689 1509 et
1715 1477 1865 1510 senes
1892 1466 1946 1510 et
1970 1463 2134 1512 totius

139 1541 279 1590 orbis
305 1542 475 1604 gratia
504 1541 756 1590 subnixos
807 1543 837 1590 9
863 1550 916 1588 22
944 1542 1234 1590 amicitiam
1260 1580 1270 1591 .
1301 1580 1310 1590 .
1342 1581 1351 1591 .
1381 1543 1684 1592 clientelam
1710 1582 1720 1592 .
1752 1582 1761 1592 .
1791 1583 1801 1593 .
1831 1561 2135 1594 mansurum

138 1623 195 1672 in
224 1624 398 1672 animo
428 1624 738 1673 beneficium
793 1625 858 1673 13
888 1633 938 1672 18
976 1625 1424 1674 sollicitudinibus
1463 1630 1515 1674 et
1553 1627 1692 1675 curis
1731 1632 1784 1675 et
1820 1628 2136 1677 necessitate

138 1707 329 1756 cotidie
356 1707 560 1771 aliquid
585 1711 767 1756 contra
791 1707 1022 1756 animum
1058 1708 1290 1757 faciendi
1338 1710 1404 1757 30
1426 1717 1452 1756 9
1477 1709 1624 1758 labor
1651 1748 1662 1758 .
1693 1748 1702 1758 .
1731 1749 1742 1758 .
1770 1711 2045 1760 meditatio
2083 1716 2136 1760 et

138 1789 195 1838 in
237 1789 380 1838 omni
421 1806 611 1855 genere
656 1790 951 1839 studiorum
994 1791 1244 1840 adsiduae
1289 1792 1693 1842 exercitationes
1766 1794 1831 1843 31
1863 1803 1916 1841 22
1950 1795 2004 1842 ff.
2052 1795 2137 1843 ad-

139 1873 382 1922 strictum
430 1877 484 1922 et
532 1874 812 1922 collectum
860 1879 915 1923 et
963 1874 1174 1937 singula
1222 1875 1404 1923 statim
1459 1881 1767 1939 argumenta
1820 1878 2134 1927 concludens

138 1956 347 2006 dicendi
372 1972 534 2019 genus
557 1994 567 2005 .
593 1995 603 2005 .
627 1995 638 2005 .
661 1957 783 2005 fusa
807 1961 862 2005 et
887 1957 1122 2020 aequalis
1149 1962 1202 2006 et
1229 1974 1293 2006 ex
1319 1959 1679 2007 communibus
1712 1960 1870 2008 ducta
1895 1961 2133 2010 sensibus

137 2039 304 2088 oratio
352 2038 449 2102 Ag.
474 2040 539 2088 13
571 2040 833 2088 delectum
859 2056 918 2088 ac
944 2041 1146 2089 tributa
1179 2045 1232 2089 et
1268 2032 1508 2090 iniuncta
1543 2042 1754 2106 imperii
1791 2060 2008 2092 munera
2067 2046 2133 2093 41

137 2122 369 2185 vigorem
396 2127 450 2171 et
475 2123 827 2171 constantiam
853 2127 906 2171 et
931 2128 1207 2187 expertum
1232 2124 1362 2172 belli
1387 2124 1620 2173 animum
1677 2126 1736 2175 G.
1765 2128 1831 2175 33
1859 2128 2135 2190 superbiae

138 2205 256 2254 odio
278 2243 288 2253 .
312 2243 322 2253 .
347 2243 357 2253 .
380 2207 605 2268 praedae
637 2206 914 2254 dulcedine
942 2244 952 2254 .
982 2245 992 2254 .
1023 2245 1032 2254 .
1063 2207 1244 2255 favore
1273 2209 1499 2270 quodam
1525 2224 1648 2271 erga
1672 2225 1766 2257 nos
1794 2210 2008 2258 deorum
2063 2211 2132 2258 H.

138 2288 166 2335 I
193 2288 256 2336 18
297 2289 531 2337 tonitrua
566 2293 620 2337 et
657 2289 870 2351 fulgura
906 2293 960 2337 et
998 2290 1249 2338 caelestes
1286 2290 1460 2339 minae
1497 2291 1638 2340 ultra
1675 2292 1891 2340 solitum
1947 2294 2037 2341 III
2068 2295 2134 2342 25

138 2370 447 2419 miraculum
473 2376 526 2419 et
552 2376 768 2435 questus
795 2376 848 2420 et
869 2372 1166 2420 saevissimi
1192 2373 1320 2420 belli
1346 2374 1608 2422 execratio
1652 2375 1716 2423 41
1738 2375 1819 2423 vis
1841 2380 1893 2423 et
1913 2377 2138 2439 pecunia

139 2457 192 2502 ct
239 2454 442 2502 ruentis
492 2454 736 2502 fortunae
785 2455 1074 2503 novissima
1121 2454 1286 2504 libido
1360 2457 1438 2505 IV
1474 2458 1541 2504 44
1582 2456 1795 2519 ingenia
1831 2463 1883 2506 et
1920 2475 2044 2522 opes
2084 2464 2136 2507 et

139 2536 371 2585 exercita
407 2536 560 2585 malis
598 2537 799 2585 artibus
837 2538 1079 2601 potentia
1138 2538 1276 2586 Ann.
1311 2539 1338 2586 I
1369 2540 1432 2586 41
1462 2540 1629 2603 pudor
1656 2578 1666 2587 .
1696 2578 1705 2588 .
1737 2578 1746 2588 .
1777 2541 2046 2590 miseratio
2084 2547 2137 2591 et

139 2619 306 2683 patris
355 2619 640 2683 Agrippae,
686 2619 916 2682 Augusti
959 2620 1045 2669 avi
1084 2621 1336 2669 memoria
1407 2623 1467 2669 II
1502 2623 1568 2670 14
1605 2622 1717 2685 pila
1753 2627 1806 2671 et
1844 2624 2044 2686 gladios
2084 2629 2137 2673 et

140 2701 412 2751 haerentia
453 2703 660 2766 corpori
701 2703 938 2766 tegmina
1008 2705 1074 2753 69
1118 2704 1352 2753 carmina
1399 2709 1452 2753 et
1501 2705 1805 2755 devotiones
1851 2711 1904 2755 et
1946 2724 2137 2756 nomen

143 2785 441 2834 Germanici
477 2785 739 2849 plumbeis
777 2786 972 2834 tabulis
1011 2786 1337 2850 insculptum
1408 2788 1553 2836 XIII
1593 2789 1623 2837 8
1668 2804 1882 2853 corpore
1932 2790 2133 2853 ingens,

139 2867 313 2916 verbis
340 2868 631 2930 magnificis
659 2873 712 2916 et
739 2884 895 2932 super
916 2869 1298 2932 experientiam
1325 2870 1746 2935 sapientiamque
1774 2872 1935 2921 etiam
1961 2874 2135 2936 specie

141 2949 377 2998 inanium
403 2950 610 2999 validus
666 2952 769 3001 XV
794 2953 825 3000 6
850 2951 1052 3000 tributa
1077 2968 1136 3001 ac
1161 2952 1303 3015 leges
1336 2957 1389 3001 et
1422 2969 1516 3016 pro
1552 2954 1738 3003 umbra
1773 2955 1912 3018 regis
1951 2957 2136 3004 Roma-

142 3047 267 3080 num
292 3032 388 3081 iuS.

210 3116 308 3164 We
346 3131 466 3179 may
502 3132 620 3164 now
657 3117 844 3181 briefly
882 3118 1190 3166 summarise
1227 3119 1319 3167 the
1357 3123 1660 3181 arguments
1695 3120 1751 3168 in
1783 3121 1935 3170 favor
1959 3122 2017 3170 of
2045 3122 2136 3170 the
2165 3129 2413 3179 Summam.

149 3197 391 3246 Tacitean
429 3200 731 3262 authorship
770 3200 828 3248 of
869 3200 960 3248 the
1000 3201 1267 3263 Dialoqus,
1310 3203 1591 3265 presented
1630 3202 1687 3250 in
1722 3203 1814 3252 the
1854 3205 2138 3267 preceding

143 3295 315 3343 pages.
393 3281 446 3328 It
482 3281 576 3330 has
613 3282 748 3330 been
785 3282 997 3331 shown:

213 3363 290 3431 (1)
329 3363 467 3412 That
491 3364 582 3413 the
607 3365 897 3430 testimony
923 3366 981 3414 of
1004 3366 1095 3414 the
1122 3367 1273 3415 MSS.
1304 3365 1349 3415 is
1374 3367 1822 3431 unimpeachable.

216 3446 293 3514 (2)
332 3446 469 3494 That
507 3447 596 3495 the
633 3448 851 3496 treatise
889 3453 1081 3497 cannot
1117 3448 1355 3513 possibly
1379 3449 1514 3499 have
1538 3450 1670 3499 been
1696 3453 1973 3515 composed
1998 3454 2136 3501 after

144 3526 234 3575 the
261 3527 408 3590 reign
434 3529 491 3576 of
517 3529 668 3577 Titus
697 3531 928 3597 (79-81).
