2716 3964
842 243 1314 287 PROLEGOMENA.
1916 231 2080 283 lxxxi

82 405 121 436 c.
154 393 208 434 36
238 399 279 433 15
330 392 504 443 magnis
552 390 780 431 cumulare
828 389 1039 440 praemiis

138 462 407 503 videbantur
428 491 438 502 .
464 490 474 500 .
501 492 510 502 .
535 459 712 500 facilius
741 459 934 499 honores
963 458 1040 498 ad-

138 531 441 581 sequebantur
461 560 470 569 .
498 559 508 568 .
536 559 545 568 .
571 529 618 567 hi
654 527 871 568 clientelis
902 527 1039 568 etiam

140 603 397 640 exterarum
446 598 682 638 nationum
724 597 1040 637 redundabant

141 672 224 709 etc.

1123 400 1159 429 c.
1183 389 1232 428 11
1251 396 1291 428 13
1319 400 1401 430 1100
1426 389 1666 429 comitatus
1685 388 1794 429 istos
1814 392 1859 428 et
1879 400 2081 440 egressus

1179 462 1258 498 aut
1295 458 1596 508 frequentiam
1637 457 1933 498 salutantium
1976 469 2082 498 con-

1178 528 1357 578 cupisco
1401 539 1493 567 non
1537 527 1679 579 magis
1719 538 1854 577 quam
1893 538 1998 568 aera
2035 530 2082 567 et

1179 597 1396 648 imagines

15 815 17 817 ’
86 819 124 848 0.
149 806 203 847 36
224 813 246 845 4
285 817 399 857 quae
438 805 685 856 composita
722 809 767 845 et
806 805 958 857 quieta
995 809 1041 845 et

142 877 276 917 beata
318 886 366 915 re
408 875 587 926 publica
629 875 767 914 tribui
809 874 879 914 fas
926 878 1034 915 erat.

143 946 197 986 38
218 952 259 985 10
288 945 440 985 omnia
459 945 507 984 in
526 944 626 985 foro
648 975 657 984 .
685 974 694 984 .
721 974 732 984 .
758 944 877 995 quod
897 943 1042 984 maius

143 1018 457 1067 argumentum
478 1019 545 1054 est

1123 817 1160 846 c.
1178 806 1230 845 41
1248 813 1265 844 1
1289 805 1409 856 quod
1424 808 1625 856 superest
1641 804 1815 855 antiqui
1830 804 2082 845 oratoribus

1179 874 1268 915 fori
1305 886 1398 915 non
1433 874 1698 915 emendatae
1732 885 1815 914 nec
1849 884 1989 924 usque
2023 873 2082 914 ad

1179 948 1334 984 votum
1383 943 1655 995 compositae
1708 943 1902 984 civitatis
1954 954 2084 994 argu-

1180 1017 1384 1053 mentum
1414 1017 1481 1053 est

13 1146 21 1203 ³;
89 1166 126 1195 c.
151 1154 205 1194 36
226 1162 248 1195 7
276 1154 558 1194 moderatore
578 1165 670 1193 uno
691 1153 946 1193 carentibus
962 1182 972 1192 .
995 1183 1004 1192 .
1027 1182 1036 1192 .
1126 1163 1162 1192 c.
1188 1152 1240 1191 41
1258 1158 1298 1191 15
1318 1151 1364 1191 ff.
1399 1151 1507 1202 quid
1535 1150 1690 1191 multis
1719 1151 1839 1202 apud
1867 1150 2082 1202 populum

144 1224 248 1264 hinc
273 1223 504 1264 contiones
529 1223 872 1274 magistratuum
901 1232 1042 1272 paene

143 1293 507 1345 pernoctantium
538 1293 585 1332 in
615 1292 771 1332 rostris
802 1297 885 1332 etc.
947 1291 1002 1330 40
1024 1298 1042 1329 1

145 1362 378 1403 contiones
426 1362 639 1402 adsiduae
683 1365 729 1401 et
771 1361 928 1401 datum
975 1360 1045 1400 ius

144 1431 505 1484 potentissimum
530 1441 750 1481 quemque
770 1429 964 1470 vexandi
991 1428 1038 1470 ff.

104 1671 128 1686 v.
153 1640 207 1680 36
226 1646 269 1679 26
287 1638 333 1680 ff.
359 1650 462 1680 cum
488 1650 648 1690 parum
675 1641 791 1679 esset
815 1638 862 1678 in
885 1641 1047 1678 senatu

145 1709 342 1750 breviter
367 1719 547 1749 censere

120 1878 130 1888 .
154 1847 206 1888 37
227 1854 269 1887 35
306 1847 456 1898 plures
493 1850 646 1887 tamen
681 1847 824 1887 bonos
860 1845 1049 1898 proelia-

148 1920 269 1957 tores
296 1916 414 1957 bella
443 1928 578 1967 quam
607 1927 698 1967 pax
728 1915 882 1955 ferunt

0 2029 18 2051 ’ἱ
76 2102 82 2108 ‚
122 2086 132 2096 .
151 2054 204 2095 36
220 2062 259 2093 11
288 2055 393 2095 hinc
413 2066 648 2106 procerum
668 2054 888 2095 factiones
908 2058 952 2094 et
972 2054 1051 2095 ad-

149 2124 279 2164 sidua
298 2125 510 2164 adversus
529 2123 705 2174 plebem
725 2124 972 2164 certamina

121 2293 131 2303 .
156 2262 209 2303 38
231 2271 252 2302 3
271 2262 316 2303 ff.
343 2274 477 2303 nemo
498 2263 619 2303 intra
638 2263 930 2314 paucissimas
951 2274 1052 2314 per-

150 2343 276 2372 orare
305 2332 439 2372 horas
460 2363 469 2373 .
496 2363 505 2372 .
534 2363 542 2372 .
569 2333 754 2372 modum
783 2332 830 2372 in
859 2332 1050 2372 dicendo

149 2401 235 2441 sibi
255 2402 439 2452 quisque
460 2402 665 2442 sumebat
703 2401 757 2441 39
772 2410 793 2443 7
812 2400 858 2441 ff.
885 2405 952 2442 est
972 2401 1052 2441 ali-

151 2471 251 2522 quis
294 2475 521 2511 oratorum
567 2482 751 2522 campus
781 2500 790 2510 .
827 2501 836 2511 .
873 2501 883 2511 .
917 2482 1049 2522 saepe

151 2539 398 2591 interrogat
426 2540 564 2580 index
592 2544 675 2580 etc.

125 2708 135 2718 .
160 2678 270 2719 3719
289 2677 334 2719 ff.
372 2690 485 2729 quae
519 2679 639 2719 mala
669 2680 785 2719 sicut
815 2691 907 2719 non
939 2679 1052 2719 acci-

153 2747 258 2787 dere
278 2748 436 2788 melius
456 2753 523 2788 est
542 2749 665 2798 isque
687 2748 881 2798 optimus
899 2748 1052 2788 civita-

153 2816 212 2856 tis
231 2820 375 2857 status
394 2817 626 2857 habendus
646 2818 692 2856 in
713 2829 800 2867 quo
825 2817 936 2857 nihil
964 2817 1052 2858 tale

154 2886 363 2937 patimur,
388 2886 452 2926 ita
477 2898 578 2926 cum
606 2887 876 2937 acciderent,
901 2888 1053 2939 ingen-

154 2958 246 2995 tem
273 2955 551 3006 eloquentiae
578 2957 813 2997 materiam
841 2957 1054 2997 submini-

155 3025 389 3064 strabant.
418 3055 426 3064 .
455 3055 464 3064 .
489 3037 582 3065 non
621 3026 725 3076 quia
762 3026 879 3066 tanti
917 3026 1055 3066 fuerit

157 3096 239 3133 etc.

1182 1221 1481 1271 contionibus,
1506 1232 1609 1261 cum
1633 1252 1641 1261 .
1665 1251 1674 1260 .
1699 1252 1707 1261 .
1729 1232 1821 1260 non
1841 1220 1972 1260 multi
1993 1250 2002 1260 .
2030 1250 2039 1260 .
2067 1251 2077 1260 .

1182 1291 1431 1331 deliberent
1487 1291 1566 1331 sed
1627 1290 1982 1341 sapientissimus
2038 1292 2083 1329 et

1182 1361 1332 1400 unus?
1365 1360 1473 1411 quid
1496 1360 1762 1400 voluntariis
1792 1359 2085 1400 accusationi-

1182 1430 1267 1470 bus
1322 1429 1376 1469 40
1400 1437 1439 1468 21
1480 1429 1605 1470 nulla
1643 1429 1924 1480 superiorum
1962 1439 2087 1468 reve·

1183 1499 1343 1540 rentia.

1129 1650 1166 1678 c.
1191 1638 1244 1677 41
1267 1645 1308 1676 14
1341 1638 1449 1689 quid
1479 1637 1599 1677 enim
1630 1648 1741 1688 opus
1770 1640 1837 1677 est
1865 1636 2010 1688 longis
2037 1635 2086 1676 in

1184 1711 1345 1748 senatu
1372 1707 1607 1747 sententiis

1130 1858 1168 1887 c.
1193 1846 1247 1886 40
1266 1853 1308 1885 23
1347 1845 1450 1885 tulit
1488 1845 1583 1885 sine
1623 1844 1760 1885 dubio
1793 1843 2087 1884 valentiorem

1187 1915 1488 1966 eloquentiam

1132 2066 1169 2096 e.
1193 2054 1248 2094 40
1268 2033 1308 2093 21
1339 2053 1464 2094 nulla
1496 2053 1584 2093 fuit
1615 2053 1663 2092 in
1694 2052 1793 2093 foro
1827 2063 1930 2104 part,
1963 2051 2089 2093 nulla

1188 2124 1236 2163 in
1265 2127 1426 2164 senatu
1456 2122 1695 2163 concordia

1133 2275 1170 2304 c.
1195 2263 1248 2303 41
1270 2270 1312 2301 22
1332 2262 1363 2304 f.
1397 2262 1523 2302 nulla
1553 2262 1601 2301 in
1632 2261 1808 2301 iudiciis
1838 2260 2090 2301 moderatio

1227 2363 1237 2373 .
1265 2362 1274 2373 .
1300 2331 1450 2372 nullus
1479 2331 1826 2383 magistratuum
1855 2329 2016 2370 modus

1136 2692 1172 2721 c.
1192 2679 1247 2720 40
1261 2686 1303 2719 25
1323 2690 1405 2718 nec
1425 2677 1543 2719 tanti
1562 2677 1628 2717 rei
1646 2677 1850 2728 publicae
1870 2677 2093 2718 Graccho-

1191 2760 1293 2788 rum
1322 2747 1578 2799 eloquentia
1604 2746 1693 2786 fuit
1718 2750 1770 2786 ut
1795 2750 2024 2798 pateretur
2047 2750 2093 2786 et

1192 2818 1310 2869 leges
1342 2829 1425 2857 nec
1460 2817 1573 2857 bene
1607 2816 1778 2857 famam
1812 2815 2092 2867 eloquentiae

1195 2887 1349 2928 Cicero
1378 2886 1459 2927 tali
1490 2886 1616 2926 exitu
1648 2885 1865 2937 pensavit.

6 3242 27 3260 ἢ
173 3189 246 3236 To
273 3205 361 3253 my
386 3189 548 3250 mind,
570 3191 718 3238 these
744 3207 1022 3240 numerous
1050 3190 1460 3240 contradictions
1487 3190 1592 3238 and
1616 3189 1942 3253 repetitions,
1962 3188 2094 3237 with

103 3270 244 3319 their
273 3272 550 3335 polemical
581 3273 862 3335 additions,
891 3290 978 3322 are
1017 3274 1163 3338 quite
1201 3272 1574 3336 incompatible
1612 3272 1744 3320 with
1780 3272 1870 3320 the
1909 3288 2096 3336 suppo-

106 3352 266 3402 sition
302 3354 420 3402 that
458 3356 732 3403 Maternus
771 3356 816 3404 is
854 3357 945 3405 the
984 3357 1205 3421 speaker
1241 3355 1581 3418 throughout,
1609 3356 1714 3404 and
1745 3355 1854 3404 this
1884 3371 2006 3419 may
2030 3355 2093 3403 be

15 3429 35 3492 ξ
106 3434 314 3484 further
346 3437 528 3485 shown
558 3439 627 3502 by
654 3455 794 3487 some
820 3456 962 3489 more
990 3441 1201 3504 general
1227 3440 1655 3489 considerations.

24 3512 41 3523 ”
176 3518 242 3566 Ι11
265 3519 356 3567 the
383 3519 498 3568 first
524 3521 686 3584 place,
713 3523 803 3570 the
830 3523 957 3586 high
983 3524 1172 3587 eulogy
1195 3523 1408 3571 which
1396 3539 1440 3571 1s
1468 3522 1751 3586 indirectly
1777 3522 1900 3586 paid
1923 3526 1979 3570 to
2003 3521 2094 3569 the

107 3605 307 3649 orators
334 3602 391 3649 of
419 3603 510 3651 the
537 3603 810 3667 Republic,
836 3605 927 3654 the
965 3605 1172 3654 intense
1209 3605 1526 3654 admiration
1563 3605 1646 3653 for
1683 3604 1821 3654 their
1858 3603 2096 3668 superior
