2716 3964
418 234 525 286 110
1303 250 1510 291 No'rEs.

415 409 456 441 c.
497 395 527 441 6
566 402 628 441 19.
706 394 771 441 In
811 394 871 443 G.
913 394 977 442 10
1017 394 1183 442 Halm
1219 395 1372 442 reads
1412 394 1422 414 ³
1445 395 1585 458 apud
1610 394 1818 458 plebem
1862 395 1955 444 sed
1981 397 2122 459 apud
2162 411 2418 460 procereS,

416 476 711 524 sacerdotes
739 476 880 524 enim
907 477 917 496 ⁹
964 476 1019 523 in
1046 477 1193 540 place
1237 477 1295 525 of
1342 476 1496 540 ‘apud
1521 477 1728 541 plebem
1770 478 1911 542 apud
1952 493 2224 541 proceres;
2280 479 2421 543 apud

416 559 741 607 sacerdotes:
782 574 836 607 se
863 559 1032 606 enim'
1073 559 1130 607 of
1153 559 1243 607 the
1269 560 1387 608 best
1416 559 1565 608 MSS.
1644 560 1735 623 Cp.
1768 561 2077 608 Massmann
2101 561 2168 609 ad
2191 560 2286 610 loc.
2315 562 2421 611 and

414 642 467 689 N
471 641 576 704 ipp.
606 641 743 689 Ann.
775 642 853 690 IV
878 643 1256 692 35.-—numen
1292 646 1344 692 et
1379 643 1622 692 caelestis
1642 643 1750 693 vis:
1804 643 1884 692 Cf.
1932 642 2037 692 Cic.
2066 659 2160 706 pro
2191 643 2306 692 Mil.
2333 644 2417 706 29,

415 725 481 772 83
520 724 720 772 nullam
760 724 867 771 vim
906 762 915 772 .
958 762 967 772 .
1008 741 1204 773 numen
1242 725 1495 774 divinum.
1536 726 1717 799 *Vern
1764 726 1824 773 II
1863 727 1911 787 4,
1952 727 2035 787 49,
2081 726 2181 775 107
2206 725 2316 774 vim
2353 764 2364 775 .
2405 764 2416 776 .

415 822 727 869 numenque.
805 806 887 855 On
911 807 1002 855 the
1028 806 1270 855 inverted
1296 808 1446 856 order
1481 807 1546 856 cf.
1570 802 1616 856 c.
1645 808 1679 855 4
1704 815 1744 856 3.
1821 808 1930 856 The
1956 807 2135 870 figure,
2163 808 2365 872 though
2388 824 2421 859 a

414 905 543 952 very
592 889 717 937 bold
765 905 877 950 one,
929 889 974 938 is
1026 890 1419 940 characteristic
1468 891 1525 939 of
1582 890 1770 954 Aper's
1821 890 2020 939 diction
2079 891 2414 955 throughout.

417 973 512 1020 See
562 971 745 1034 below,
798 972 1061 1020 sordidius
1100 977 1153 1021 et
1189 973 1444 1022 abiectius
1484 973 1613 1035 nati,
1640 977 1923 1038 paupertas
1963 1011 1973 1022 .
2015 1011 2024 1022 .
2067 1011 2077 1022 .
2122 973 2420 1023 circumste-

413 1059 607 1103 terunt.

485 1140 514 1186 9
543 1139 610 1187 ad
640 1153 799 1202 quam
829 1153 994 1203 usque
1023 1141 1317 1189 fortunam:
1368 1141 1437 1187 ad
1472 1156 1631 1203 usque
1666 1139 1799 1188 with
1836 1155 1904 1187 an
1940 1138 2277 1203 intervening
2305 1157 2419 1204 pro-

414 1238 556 1269 noun
582 1221 627 1269 is
663 1221 1076 1285 comparative-ly
1113 1237 1228 1270 rare
1266 1223 1372 1270 and
1407 1222 1698 1286 post-Aug,
1727 1238 1768 1270 6.
1799 1239 1844 1284 g.
1874 1221 1970 1285 Ag.
2001 1222 2068 1270 14
2094 1223 2161 1271 ad
2185 1227 2418 1272 nostram

413 1320 581 1367 usque
607 1303 927 1352 memoriam.
990 1304 1143 1354 With
1169 1321 1236 1353 an
1261 1305 1637 1368 interrogative
1663 1321 1917 1369 pronoun,
1940 1305 2051 1353 also
2071 1304 2247 1362 Quint.
2276 1306 2417 1356 VIII

414 1388 462 1448 5,
490 1388 556 1436 33
595 1387 663 1435 ad
699 1402 857 1450 quam
892 1403 1060 1450 usque
1097 1404 1192 1436 nos
1229 1388 1431 1437 vocatis
1469 1392 1805 1449 vetustatem,
1833 1388 1949 1436 XII
1980 1388 2027 1448 1,
2054 1388 2121 1437 32
2158 1389 2226 1436 ad
2262 1403 2418 1452 quem

413 1486 580 1533 usque
624 1470 854 1519 modum.
945 1470 1035 1534 Cp.
1076 1471 1408 1533 Thielmann,
1446 1470 1636 1519 Archiv
1673 1471 1783 1520 VII
1831 1487 1880 1534 p.
1922 1471 2127 1519 104.—
2142 1472 2418 1534 fortunam

414 1553 569 1616 ‘high
594 1552 861 1618 position.'

485 1637 548 1684 11
578 1637 683 1697 sed,
706 1636 1084 1685 subordinated
1102 1641 1157 1686 to
1178 1653 1209 1685 a
1228 1637 1511 1701 preceding
1531 1638 1636 1685 sed.
1693 1637 1759 1685 So
1780 1636 1892 1685 also
1911 1635 2049 1684 Ann.
2071 1637 2217 1684 XIII
2238 1637 2303 1686 13
2323 1637 2418 1686 sed.

412 1719 714 1783 Agrippina
740 1735 846 1767 non
872 1719 956 1767 his
983 1719 1177 1767 instrui
1203 1720 1377 1768 cultus
1405 1735 1524 1768 suos
1552 1720 1645 1768 sed
1682 1714 1869 1768 ceteris
1908 1718 2075 1767 arceri
2110 1719 2413 1782 proclamat.

415 1802 542 1850 This
571 1818 749 1850 occurs
776 1818 832 1850 as
860 1802 1005 1866 early
1026 1818 1082 1850 as
1103 1802 1326 1851 Plautus
1354 1819 1396 1851 e.
1416 1819 1460 1865 g.
1485 1803 1623 1851 Men.
1645 1804 1746 1851 644
1767 1803 1860 1850 sed
1879 1818 1973 1864 ego
1998 1801 2146 1850 illam
2171 1818 2277 1850 non
2301 1818 2417 1851 con-

413 1885 606 1934 donavi
644 1885 738 1933 sed
775 1884 850 1933 sic
892 1886 1148 1933 utendum
1186 1885 1322 1933 dedi.
1398 1885 1541 1933 Trin.
1581 1885 1646 1934 92
1689 1884 1922 1954 (Ritsclil
1956 1886 2207 1947 Parerqa,
2247 1885 2411 1948 praef.

413 1985 461 2032 p.
491 1967 642 2032 xxix)
666 1968 771 2016 and
796 1983 827 2016 a
852 1968 955 2015 few
981 1967 1137 2016 times
1164 1967 1223 2015 iu
1250 1968 1354 2017 Cic.
1384 1984 1425 2016 e.
1447 1985 1492 2030 g.
1516 1968 1624 2016 har.
1654 1983 1789 2031 resp.
1818 1967 1901 2027 28,
1920 1967 1984 2015 61
2012 1983 2107 2030 pro
2126 1968 2286 2016 Marc.
2315 1968 2363 2029 3,
2382 1969 2414 2018 9

413 2051 551 2099 Phil.
571 2051 696 2111 VII,
716 2051 760 2099 5.
834 2051 924 2114 Cp.
950 2051 1039 2098 Dr.
1066 2052 1135 2098 H.
1163 2050 1212 2099 S.
1236 2051 1296 2098 II
1317 2052 1473 2100 98.-—
1488 2051 1773 2114 spectanda
1802 2050 2138 2100 haberemus:
2179 2049 2414 2099 ‘Habeo'

412 2134 545 2182 with
582 2133 868 2196 gerundive
905 2133 1022 2182 first
1059 2149 1238 2182 occurs
1277 2133 1334 2181 in
1359 2134 1541 2195 Varro,
1574 2133 1638 2181 de
1665 2133 1728 2180 R.
1757 2133 1819 2180 R.
1849 2133 1877 2180 I
1903 2133 1985 2194 16,
2012 2133 2044 2180 2
2081 2132 2238 2181 multi
2274 2132 2415 2181 enim

413 2217 608 2265 habent
645 2216 701 2264 in
734 2216 1471 2280 praediis—importandum.
1548 2216 1659 2264 The
1699 2215 2057 2264 construction
2096 2215 2309 2264 reaches
2342 2215 2414 2265 its

412 2300 597 2362 height
637 2299 693 2347 in
733 2301 851 2348 Tac.
900 2303 962 2368 (ο.
1005 2300 1070 2348 19
1099 2307 1153 2346 25
1178 2300 1243 2348 31
1273 2307 1324 2346 19
1362 2300 1428 2348 36
1453 2307 1508 2346 29
1544 2299 1610 2348 37
1639 2305 1688 2346 17
1716 2298 1787 2346 H.
1816 2298 1844 2345 Ι
1871 2298 1936 2346 15
1963 2298 2042 2347 IV
2067 2301 2133 2348 77
2164 2298 2301 2346 Ann.
2336 2298 2416 2349 IV

411 2384 478 2431 40
516 2383 651 2431 XIV
685 2382 776 2447 44)
817 2383 921 2430 and
958 2382 1014 2429 in
1050 2382 1141 2430 the
1166 2398 1403 2446 younger
1422 2381 1598 2446 Pliny,
1619 2381 1736 2429 who
1763 2396 1884 2443 goes
1912 2396 1969 2429 so
1994 2380 2078 2429 far
2104 2396 2159 2429 as
2185 2385 2241 2429 to
2264 2396 2359 2430 use
2384 2396 2416 2430 a

412 2482 567 2514 masc.
597 2481 836 2529 pronoun
863 2481 918 2513 as
940 2465 1127 2529 object.
1180 2464 1492 2513 Thereafter
1517 2463 1561 2512 it
1585 2464 1822 2512 becomes
1847 2463 1952 2512 less
1973 2463 2222 2527 frequent
2245 2467 2417 2534 (never

412 2548 468 2596 in
489 2547 826 2613 Quintilian),
849 2548 1126 2612 gradually
1152 2547 1336 2611 giving
1372 2563 1490 2611 way
1514 2549 1570 2595 to
1609 2546 1824 2595 ‘habeo’
1863 2545 1996 2594 with
2031 2545 2127 2594 inf.
2203 2546 2293 2610 Cp.
2321 2546 2413 2595 the

411 2631 723 2680 exhaustive
750 2631 933 2680 article
961 2630 1030 2695 by
1057 2630 1387 2692 Thielmann,
1415 2630 1606 2678 Archiv
1631 2630 1690 2677 II
1717 2631 1782 2678 66
1808 2629 1862 2677 ff.
1891 2629 1991 2678 380
2019 2629 2122 2677 and
2147 2630 2236 2677 Dr.
2265 2630 2335 2679 H.
2360 2628 2412 2679 S.

412 2715 470 2762 II
491 2715 592 2763 824
614 2714 717 2762 Stil
741 2715 807 2763 27
826 2730 866 2762 6.
942 2714 1105 2762 Η61111
1131 2714 1332 2775 Quaest.
1360 2713 1502 2776 Sym.
1531 2730 1579 2777 p.
1600 2713 1846 2761 88.—For
1866 2711 2149 2775 analogous
2175 2712 2415 2777 subjunc-

410 2797 563 2858 tiveS,
605 2813 689 2845 see
728 2812 767 2845 c.
809 2797 875 2844 40
907 2805 932 2844 9
970 2797 1033 2844 de
1071 2812 1125 2844 re
1170 2796 1435 2859 loquimur
1475 2811 1607 2859 quae
1647 2833 1656 2843 .
1699 2833 1709 2843 .
1750 2795 1987 2857 gaudeat.
2064 2795 2125 2844 G.
2168 2795 2232 2844 18
2272 2794 2411 2845 Ann.
2511 2816 2515 2820 ·

412 2881 501 2928 III
542 2881 607 2928 28
651 2880 755 2927 and
794 2880 875 2928 W.
907 2880 966 2928 G.
998 2879 1151 2940 Hale,
1189 2880 1316 2928 Cum
1351 2880 1539 2928 Constr.
1569 2895 1618 2942 p.
1647 2879 1713 2927 93
1739 2878 1775 2925 f.
1798 2878 2149 2928 —sordidius
2184 2882 2237 2929 et
2275 2878 2414 2930 abie-

412 2965 549 3013 ctius
580 2966 763 3013 natus:
816 2962 1062 3025 Opposed
1103 2966 1159 3011 to
1186 2961 1504 3010 ‘liberaliter
1540 2961 1721 3009 natus'
1753 2964 1852 3029 (cp.
1885 2960 2042 3024 Seyff.
2072 2961 2224 3010 Mull.
2267 2960 2409 3010 Lael.

411 3064 458 3110 p.
485 3047 597 3094 116.
621 3045 763 3110 421).
839 3045 950 3093 The
969 3045 1350 3108 comparatives
1378 3060 1465 3093 are
1486 3060 1613 3108 very
1634 3059 1764 3104 rare,
1787 3043 2071 3107 especially
2091 3060 2147 3093 as
2173 3045 2410 3094 adverbs.

413 3128 683 3177 Sordidior
720 3132 844 3190 toga
880 3144 1059 3176 occurs
1099 3128 1154 3175 111
1193 3129 1347 3176 Mart.
1400 3128 1444 3188 Ι,
1485 3127 1599 3187 104,
1640 3127 1685 3174 5.
1733 3126 2033 3175 ‘Abiectus'
2078 3143 2134 3176 as
2171 3143 2238 3176 an
2274 3127 2412 3193 adj.:

412 3213 515 3261 Cic.
546 3212 687 3260 Lael.
718 3212 798 3272 16,
828 3212 893 3260 59
921 3212 984 3258 de
1010 3211 1108 3273 leg.
1139 3212 1165 3258 I
1195 3211 1275 3271 19,
1304 3211 1368 3259 51
1397 3211 1463 3258 ad
1492 3210 1614 3258 fam.
1646 3210 1672 3256 Ι
1698 3210 1744 3269 9,
1768 3209 1833 3258 16
1861 3209 1997 3273 Livy
2017 3210 2115 3271 IX,
2138 3212 2185 3271 6,
2208 3210 2272 3259 11
2294 3210 2408 3261 Val.

413 3296 552 3343 Max.
584 3295 690 3355 III,
719 3295 766 3354 5,
794 3295 840 3341 4.
871 3309 926 3341 as
954 3294 1069 3342 adv.
1097 3312 1105 3340 :
1146 3293 1316 3341 Amm.
1363 3292 1597 3341 Marcell.
1640 3293 1757 3352 XV,
1792 3293 1840 3352 2,
1880 3293 1926 3341 3.
1966 3294 2127 3341 ΧΧΧ
2151 3293 2199 3354 8,
2228 3293 2292 3342 11
2323 3296 2413 3363 (an

411 3378 647 3426 imitator
673 3377 729 3425 of
766 3378 823 3424 Τ.
853 3392 930 3439 cp.
960 3375 1242 3436 Woelfflin,
1270 3376 1461 3423 Philol.
1501 3375 1707 3434 XXIX,
1735 3375 1876 3440 559).
1953 3376 2044 3439 Cp.
2082 3375 2410 3437 Thielmann,

411 3461 602 3509 Archiv
630 3460 707 3509 IV
732 3459 849 3508 552.
923 3459 1015 3508 Dr.
1043 3460 1112 3507 H.
1146 3458 1198 3508 S.
1226 3458 1255 3506 Ι
1290 3459 1357 3509 39
1384 3457 1636 3507 f.—The
1675 3473 1814 3506 same
1849 3457 2161 3507 collocation
2197 3458 2254 3506 in
2289 3459 2409 3507 Tac.

411 3543 549 3591 Ann.
578 3541 723 3590 XIII
750 3542 815 3590 46
844 3540 1019 3598 Quint.
1049 3542 1106 3588 II
1136 3542 1216 3602 12,
1246 3543 1276 3591 7
1305 3542 1422 3589 Sen.
1451 3541 1546 3603 Ep.
1575 3542 1657 3601 37,
1684 3541 1731 3589 4.
