2716 3964
33 3222 40 3233 Q

15 3295 21 3298 .
26 3286 33 3295 ⁴
40 3295 47 3298 ,,

16 3399 42 3430 <a

7 3434 35 3447 κ,

13 3515 19 3543 ί

14 3551 18 3553 ·
35 3548 42 3558 ί

10 3574 38 3604 {j

15 3606 46 3678 ’ἓ

11 3677 50 3720 2*

15 3714 50 3774 ᾗ,

884 260 1356 303 PROLEGOMENA.
1918 252 2121 304 lxxxix

182 474 330 515 hercle
346 474 558 515 auderem
570 474 608 514 si
621 475 731 514 mihi
744 486 845 515 mea
858 476 1082 516 sententia

181 543 452 595 proferenda
482 555 534 584 ac
565 555 657 583 non
690 544 1082 585 disertissimorum

183 643 193 653 .
230 643 239 653 .
276 643 286 653 .
321 613 554 653 hominum
610 624 756 653 sermo
813 615 1082 666 repetendus

181 689 298 725 esset
312 696 422 736 quos
436 685 625 725 eandem
640 686 756 726 hanc
772 684 1080 736 quaestionem

180 759 507 806 pertractantes
535 755 779 795 admodum
806 755 978 794 iuvenis
1003 766 1081 794 au-

181 823 284 864 divi.
347 824 412 864 ita
435 835 526 864 non
554 824 731 875 ingenio
751 823 834 864 ‘sed
864 823 1081 864 memoria

181 896 228 933 et
246 892 555 934 recordatione
575 904 687 944 opus
705 895 773 933 est

149 1463 159 1474 .
184 1435 210 1474 2
230 1439 270 1472 11
290 1432 337 1475 ff.
363 1433 568 1475 Secundo
589 1463 599 1474 .
626 1463 636 1474 .
662 1463 672 1473 .
692 1433 818 1484 Aper
836 1433 960 1474 omni
979 1444 1077 1474 eru-

177 1502 347 1543 ditione
371 1503 570 1542 imbutus
593 1503 910 1543 contemnebat
929 1503 1077 1553 potius

175 1571 348 1612 litteras
394 1583 528 1623 quam
577 1572 803 1612 nesciebat
844 1578 1074 1623 tamquam

176 1641 391 1682 maiorem
414 1670 424 1681 .
452 1671 462 1681 .
489 1671 498 1681 .
524 1641 709 1693 gloriam
759 1642 994 1682 habiturus
1037 1643 1076 1682 si

176 1710 405 1762 ingenium
468 1711 563 1751 eius
623 1711 758 1751 nullis
826 1711 1074 1752 alienarum

175 1779 341 1821 artium
370 1779 652 1821 adminiculis
684 1780 818 1821 inniti
848 1780 1076 1821 videretur

146 2087 157 2099 .
181 2056 207 2098 3
229 2064 248 2096 1
278 2057 414 2109 igitur
441 2061 494 2098 ut
522 2057 790 2099 intravimus
817 2058 1073 2099 cubiculum

174 2127 385 2176 Materni,
417 2127 647 2167 sedentem
677 2127 909 2179 ipsumque
939 2140 1073 2179 quem

173 2195 315 2247 pridie
328 2197 592 2237 recitaverat
607 2196 770 2237 librum
783 2198 901 2237 inter
912 2209 1074 2238 manus

173 2265 413 2306 habentem
433 2266 806 2317 deprehendimus

146 2435 156 2445 .
179 2403 207 2445 4
222 2411 240 2444 1
259 2405 545 2456 perturbarer
563 2405 646 2445 hac
666 2409 746 2446 tua
764 2405 1000 2446 severitate

144 2643 155 2654 .
175 2613 224 2653 11
241 2619 263 2652 2
285 2612 520 2654 subridens
539 2614 771 2654 Maternus
791 2615 1067 2665 ‘parantem’

172 2681 318 2733 inquit
342 2686 352 2706 ‘
367 2693 437 2722 me
463 2694 554 2723 non
581 2683 730 2723 minus
755 2683 833 2723 diu
863 2695 1070 2724 accusare

173 2757 372 2793 oratores
391 2764 525 2804 quam
550 2754 674 2804 Aper
700 2753 960 2794 laudaverat
980 2784 990 2794 .
1017 2784 1027 2794 .
1054 2784 1064 2794 .

172 2826 269 2863 arte
299 2823 493 2874 quadam
522 2824 758 2875 mitigavit,
785 2823 1070 2864 concedendo

172 2891 227 2932 iis
249 2892 325 2944 qui
349 2904 506 2933 causas
531 2904 662 2945 agere
690 2904 782 2933 non
810 2896 991 2944 possent
1018 2896 1071 2933 ut

172 2971 326 3002 versus
345 2961 546 3002 facerent

145 3270 155 3281 .
180 3239 231 3280 14
255 3247 272 3279 1
300 3239 346 3282 ff.
380 3239 564 3280 vixdum
603 3238 782 3280 finierat
819 3239 1066 3289 Maternus,

173 3321 275 3351 cum
302 3309 550 3360 Vipstanus
578 3307 787 3348 Messalla
815 3308 1069 3349 cubiculum

140 3375 143 3378 ⁴
173 3380 267 3422 eius
296 3381 519 3432 ingressus
548 3384 644 3419 est.
673 3410 682 3419 .
709 3410 719 3420 .
748 3382 880 3418 ‘num
910 3390 1069 3430 parum

171 3451 463 3502 tempestivus
475 3452 486 3472 '
507 3451 651 3502 inquit
669 3451 910 3491 ‘interveni
930 3461 1071 3491 secre-

171 3521 268 3560 tum
289 3519 521 3560 consilium
537 3550 546 3559 .
562 3550 570 3558 .
586 3520 611 3559 .'
629 3519 844 3568 ‘minime,
858 3520 1070 3569 minime,'
1081 3556 1093 3582 ι,

174 3587 319 3640 inquit
343 3588 574 3630 Secundus

127 417 165 447 c.
191 406 213 446 1
238 412 256 444 1
287 416 419 457 saepe
450 416 507 445 ex
536 416 609 445 me
639 405 828 457 requiris
875 413 916 445 10
934 405 980 446 ff.
1005 406 1082 446 vix
1165 407 1220 447 de
1250 412 1361 448 orat.
1388 408 1411 448 Ι
1439 410 1480 458 2,
1503 408 1529 448 4
1562 420 1613 449 ac
1642 408 1755 449 mihi
1783 410 2026 460 repetenda
2054 415 2122 451 est

1186 495 1189 500 Α
1219 477 1390 517 veteris*
1403 478 1634 518 cuiusdam
1650 479 1891 519 memoriae
1906 491 1998 519 non
2013 491 2120 521 sane

1219 546 1328 586 satis
1366 546 1589 597 explicata
1628 547 1893 597 recordatio,
1934 549 2026 599 sed,
2069 554 2122 590 ut

1219 616 1425 667 arbitror,
1461 620 1567 667 apta
1597 616 1655 656 ad
1687 616 1732 656 id
1765 618 1884 667 quod
1915 620 2116 670 requiris,

1218 689 1271 725 ut
1290 697 1532 738 cognoscas
1553 698 1665 738 quae
1686 687 1771 727 viri
1801 689 2001 728 omnium
2032 689 2121 730 elo-

1220 756 1498 805 quentissimi
1520 787 1529 796 .
1558 786 1566 795 .
1595 786 1603 795 .
1629 757 1849 798 senserint
1895 758 1951 798 de
1997 759 2121 799 omni

1218 825 1392 865 ratione
1418 826 1596 866 dicendi
1645 827 1700 867 de
1726 839 1815 878 rep.
1842 828 1864 867 I
1894 828 1934 877 8,
1956 828 2007 867 13
2036 839 2119 869 nec

1218 898 1373 934 nostra
1393 895 1612 945 quaedam
1629 901 1696 936 est
1712 897 1987 937 instituenda
2002 909 2121 938 nova

1218 966 1265 1002 et
1298 975 1326 1003 a
1363 965 1492 1004 nobis
1531 965 1715 1007 inventa
1754 967 1868 1007 ratio
1906 967 1984 1006 sed
2015 997 2024 1006 .
2057 997 2066 1006 .
2103 997 2113 1007 .

1218 1032 1562 1074 clarissimorum
1595 1066 1604 1075 .
1642 1067 1650 1076 .
1687 1066 1696 1075 .
1733 1037 1930 1076 virorum
1969 1036 2120 1087 dispu-

1217 1102 1330 1142 tatio
1369 1105 1614 1154 repetenda
1653 1106 1868 1145 memoria
1902 1109 1969 1145 est
2004 1118 2117 1157 quae

1217 1171 1328 1211 mihi
1362 1172 1531 1224 tibique
1567 1174 1901 1214 adulescentulo
1940 1179 2007 1215 est
2028 1207 2037 1216 .
2065 1206 2074 1215 .
2101 1205 2111 1215 .

1217 1241 1434 1292 exposita,
1459 1243 1505 1282 in
1527 1254 1616 1293 qua
1635 1243 1747 1283 nihil
1768 1243 1861 1283 fere
1884 1275 1892 1284 .
1921 1276 1930 1286 .
1957 1275 1965 1284 .
1991 1257 2118 1295 prae-

1215 1311 1470 1350 termissum
1490 1316 1613 1362 puto.

1160 1434 1215 1474 de
1237 1438 1347 1475 orat.
1371 1435 1417 1474 II
1440 1437 1478 1486 1,
1497 1436 1523 1475 4
1549 1436 1628 1476 sed
1648 1436 1736 1477 fuit
1755 1437 1839 1478 hoc
1860 1437 1907 1477 in
1926 1442 2116 1489 utroque

1214 1508 1267 1543 ut
1320 1504 1507 1545 Crassus
1547 1535 1556 1546 .
1596 1536 1605 1546 .
1644 1535 1653 1546 .
1690 1506 1916 1547 Antonius
1964 1513 2116 1548 autem

1214 1574 1560 1624 probabiliorem
1581 1575 1664 1616 hoc
1686 1575 1851 1627 populo
1868 1577 2116 1618 orationem

1213 1643 1312 1683 fore
1351 1645 1574 1694 censebat,
1613 1645 1650 1684 si
1686 1646 1870 1696 omnino
1909 1646 2115 1688 didicisse

1213 1724 1462 1764 numquam
1504 1719 1752 1765 putaretur,
1797 1721 1930 1766 atque
1967 1717 2030 1757 ita
2067 1728 2115 1758 se

1212 1786 1401 1833 uterque
1430 1785 1679 1835 graviorem
1708 1785 1819 1834 fore,
1850 1786 1887 1825 si
1917 1791 2115 1827 contem-

1212 1863 1333 1902 nere,
1358 1853 1472 1893 alter
1492 1865 1548 1893 ne
1569 1865 1697 1894 nosse
1718 1855 1899 1906 quidem
1922 1855 2116 1896 Graecos

1211 1921 1453 1962 videretur.

1156 2059 1212 2099 de
1241 2064 1333 2100 nat.
1359 2060 1480 2100 deor.
1507 2061 1529 2100 I
1561 2062 1598 2110 7,
1626 2062 1677 2101 15
1712 2073 1818 2103 nam
1854 2061 1956 2103 cum
1991 2063 2114 2106 feriis

1211 2130 1386 2169 Latinis
1429 2130 1486 2169 ad
1527 2142 1629 2170 eum
1669 2132 1902 2182 venissem,
1946 2132 2115 2173 offendi

1211 2209 1315 2238 eum
1353 2199 1584 2239 sedentem
1620 2201 1666 2239 in
1701 2201 1899 2243 exhedra
1932 2207 1978 2242 et
2011 2214 2115 2244 cum

1211 2267 1384 2308 Velleio
1414 2268 1730 2320 disputantem.

1155 2406 1211 2446 de
1231 2411 1343 2448 orat.
1364 2407 1386 2446 I
1407 2407 1474 2456 51,
1494 2408 1575 2447 219
1605 2419 1750 2458 neque
1774 2420 1880 2449 vero
1905 2409 2001 2450 istis
2023 2417 2112 2451 tra-

1210 2475 1379 2527 goediis
1399 2476 1488 2516 tuis
1507 2478 1754 2527 perturbor.

1155 2613 1210 2654 de
1241 2618 1352 2655 orat.
1379 2615 1400 2653 I
1422 2615 1487 2664 17,
1509 2615 1560 2655 74
1591 2618 1690 2655 tum
1719 2616 1870 2657 ridens
1900 2617 2114 2659 Scaevola

1214 2687 1329 2724 ‘non
1349 2683 1553 2724 luctabor
1573 2686 1743 2724 tecum’
1768 2685 1913 2737 inquit
1934 2718 1943 2726 .
1971 2717 1980 2726 .
2009 2717 2018 2727 .
2044 2687 2112 2727 ‘id

1210 2754 1330 2793 enim
1352 2755 1497 2804 ipsum
1517 2753 1638 2804 quod
1658 2758 1816 2795 contra
1841 2767 1911 2795 me
1937 2756 2113 2797 locutus

1209 2834 1257 2863 es
1290 2823 1479 2863 artificio
1514 2823 1709 2874 quodam
1744 2836 1791 2864 es
1829 2831 2107 2877 consecutus,

1209 2897 1260 2932 ut
1280 2897 1325 2933 et
1344 2893 1454 2933 mihi
1475 2905 1588 2944 quae
1610 2905 1692 2945 ego
1713 2894 1871 2935 vellem
1899 2907 1990 2936 non
2017 2907 2110 2936 esse

1209 2963 1400 3002 oratoris
1433 2963 1700 3005 concederes
1734 2969 1779 3004 et
1812 2976 1865 3005 ea
1895 2965 1991 3016 ipsa
2021 2995 2030 3005 .
2058 2996 2067 3005 .
2095 2996 2104 3006 .

1208 3043 1363 3072 rursus
1414 3032 1704 3083 detorqueres
1756 3037 1890 3086 atque
1944 3035 2111 3075 oratori

1207 3101 1389 3152 propria
1407 3102 1620 3143 traderes.

1153 3239 1209 3279 de
1236 3251 1326 3290 rep.
1353 3240 1375 3279 1
1401 3240 1467 3290 12,
1489 3240 1539 3280 17
1577 3239 1700 3282 Haec
1736 3240 1882 3292 Scipio
1913 3253 2014 3282 cum
2044 3242 2111 3283 di-

1208 3309 1359 3356 xisset,
1379 3310 1426 3349 L.
1447 3310 1631 3350 Furium
1654 3315 1836 3362 repente
1856 3312 2109 3352 venientem

1209 3379 1384 3429 aspexit
1404 3409 1414 3418 .
1442 3409 1451 3419 .
1479 3409 1488 3419 .
1551 3382 1667 3420 Tum
1689 3381 1875 3421 Furius:
1905 3381 2011 3432 quid
2032 3392 2111 3421 vos

1209 3449 1340 3500 agitis
1354 3450 1375 3489 P
1406 3462 1515 3490 num
1539 3462 1790 3492 sermonem
1812 3457 2007 3493 vestrum
2031 3451 2111 3491 ali-

1211 3530 1344 3570 quem
1383 3518 1563 3560 diremit
1605 3526 1756 3561 noster
1794 3522 2108 3562 interventus?

1211 3588 1398 3629 Minime
1418 3600 1537 3639 vero,
1562 3589 1818 3632 Africanus.
