2716 3964
1243 243 1290 285 0.
1327 246 1364 287 1.
2229 237 2298 291 57

311 396 620 446 Woelfflin’s
647 395 838 443 Archiv
865 395 943 444 IV
976 395 1075 444 598
1106 394 1159 442 ff.
1189 395 1298 444 VII
1333 395 1447 443 596.
1466 394 1923 444 —eminentiumt
1976 394 2085 443 The
2121 394 2304 458 figura-

310 479 420 527 tive
462 494 554 526 use
598 478 655 526 of
695 477 804 526 this
847 477 1148 541 participial
1191 476 1466 540 adjective,
1507 476 1709 539 though
1751 492 1990 525 common
2033 476 2089 524 in
2135 478 2303 526 Silver

312 562 486 622 Latin,
523 577 628 624 esp.
665 560 722 608 in
754 560 988 609 Velleius
1020 559 1108 628 (61.
1145 559 1365 607 Kleiber
1403 576 1452 622 p.
1493 559 1600 623 51),
1631 575 1797 607 366163
1836 564 1929 608 601
1964 563 2020 607 10
2057 575 2209 608 066111
2249 561 2303 608 16

313 644 509 705 Cicero,
536 644 627 691 the
661 647 870 691 nearest
904 642 1166 705 approach
1198 646 1254 689 to
1288 641 1331 689 it
1363 642 1535 704 being,
1563 642 1806 705 perhaps,
1835 642 1898 690 de
1933 646 2060 690 orat.
2100 643 2190 690 III
2222 645 2303 704 57,

311 727 414 775 216
440 727 502 774 de
523 730 627 774 nat.
657 727 794 774 deor.
821 725 849 772 I
874 726 957 785 27,
980 726 1058 773 75.
1076 725 1394 789 —ingeniis
1425 725 2103 788 gloriaquezinqeniorum
2127 726 2303 788 qlorz‘a.

315 809 396 859 On
431 809 522 857 the
558 808 867 872 hendiadys,
896 807 960 856 cf.
1002 808 1233 870 Draeger
1269 808 1339 856 H.
1383 806 1433 855 S.
1474 807 1534 854 II
1571 807 1739 855 14-21
1780 807 1833 857 C.
1874 808 1929 855 F.
1970 808 2050 856 W.
2094 808 2304 869 Muller,

313 895 503 942 Philol.
532 894 641 944 VII
666 910 715 957 p.
743 894 845 942 297
870 893 944 954 ff.,
972 892 1183 941 Laelius
1209 909 1257 957 p.
1287 893 1405 941 209.

383 978 416 1027 3
442 978 798 1041 potissimum:
852 976 933 1025 On
957 976 1047 1023 the
1074 975 1305 1038 position
1330 975 1387 1024 01
1410 975 1502 1023 1116
1528 976 1722 1024 adverb
1740 975 1978 1024 between
1998 976 2306 1025 attributive

314 1061 420 1109 and
450 1059 793 1120 substantive,
832 1075 916 1107 see
951 1063 1072 1107 note
1108 1075 1147 1107 c.
1187 1059 1252 1107 17
1285 1059 1657 1108 5.-,(16361·1;6;
1711 1058 1839 1106 Τ1113
1871 1059 2030 1120 word,
2058 1059 2309 1124 partially

316 1143 595 1206 suggested
631 1142 856 1206 perhaps
893 1142 964 1205 by
1001 1141 1335 1202 ‘floruerint,'
1374 1141 1419 1189 is
1458 1141 1607 1189 often
1642 1142 1772 1190 used
1809 1141 1867 1189 01
1902 1157 1933 1190 6
1968 1142 2149 1190 fallow
2185 1141 2311 1191 field

316 1241 358 1274 e.
387 1242 432 1288 g.
472 1225 576 1275 Cic.
606 1225 742 1274 Cael.
781 1225 861 1272 18.
937 1225 1142 1273 Roman
1178 1224 1384 1272 writers
1423 1240 1510 1272 are
1548 1223 2051 1289 characteristically
2088 1225 2219 1273 fond
2255 1226 2312 1273 01

316 1307 617 1371 metaphors
644 1307 859 1356 derived
882 1307 1021 1354 from
1044 1307 1135 1355 the
1160 1306 1396 1371 pursuits
1431 1306 1489 1354 01
1524 1306 1841 1369 agriculture
1879 1307 1983 1355 and
2018 1323 2139 1356 war.
2216 1309 2306 1372 Cp.

317 1407 359 1439 6.
383 1407 428 1453 g.
451 1406 492 1439 c.
521 1392 551 1439 6
579 1394 681 1438 ext.
711 1391 743 1439 9
772 1399 799 1437 2
846 1390 915 1439 40
938 1398 992 1437 25
1017 1390 1122 1438 and
1146 1389 1203 1436 in
1223 1389 1449 1452 general,
1478 1389 1540 1437 A.
1566 1389 1713 1450 Stitz,
1735 1390 1838 1438 Die
1863 1391 2132 1453 Metaphcr
2154 1392 2231 1439 bei
2254 1393 2307 1439 T.

385 1475 419 1521 4
445 1474 642 1537 ipsum:
695 1473 805 1521 The
844 1477 990 1535 great
1026 1472 1315 1536 frequency
1353 1472 1410 1520 01
1444 1472 1552 1520 11113
1587 1488 1825 1536 pronoun
1856 1472 1913 1520 in
1936 1473 2026 1521 the
2053 1473 2188 1521 Dial.
2223 1476 2310 1543 (66

316 1556 471 1605 times
497 1555 554 1604 in
579 1556 672 1621 all)
699 1556 794 1604 has
819 1556 952 1604 been
974 1555 1220 1619 unjustly
1246 1555 1515 1616 censured,
1541 1555 1637 1603 but
1663 1555 1876 1603 Tacitus
1904 1571 2070 1604 seems
2096 1561 2151 1604 to
2179 1556 2311 1605 have

315 1640 448 1688 been
484 1639 615 1687 fond
651 1639 708 1687 01
743 1638 802 1700 11,
838 1638 922 1686 101
958 1638 1002 1686 11
1039 1653 1218 1686 0661113
1254 1637 1311 1685 16
1343 1637 1799 1702 proportionately
1825 1638 1939 1686 still
1971 1638 2142 1702 larger
2177 1640 2311 1688 ratio

317 1722 374 1770 in
397 1722 489 1771 the
516 1721 797 1770 Histories.

387 1806 418 1855 5
460 1806 670 1856 diserti:
729 1805 832 1855 Cic.
871 1806 934 1853 de
968 1809 1096 1853 orat.
1134 1805 1162 1852 I
1195 1805 1277 1866 21,
1314 1805 1379 1853 94
1418 1804 1640 1853 disertos
1678 1820 1927 1867 cognosse
1961 1821 2043 1853 me
2082 1806 2314 1874 (namely

316 1888 604 1954 Antonius)
631 1888 931 1949 nonnullos,
952 1887 1284 1951 eloquentem
1309 1887 1478 1936 adhuc
1503 1887 1781 1948 neminem,
1810 1888 1952 1951 quod
1977 1904 2095 1936 eum
2121 1893 2314 1937 statue—

315 1971 437 2020 bam
461 1972 706 2020 disertum
730 1971 821 2034 qui
846 1975 1025 2035 posset
1051 1971 1179 2018 satis
1207 1975 1356 2045 acute
1392 1974 1549 2033 atque
1581 1970 1810 2019 dilucide
1848 1971 1988 2034 apud
2025 1971 2311 2020 mediocres

316 2053 554 2103 homines
581 2071 645 2103 ex
670 2053 933 2103 communi
959 2054 1186 2117 quadam
1213 2053 1459 2117 opinione
1484 2053 1757 2100 hominum
1790 2053 1978 2114 dicere,
2007 2055 2314 2117 eloquentem

316 2153 441 2186 vero
479 2137 569 2201 qui
606 2136 899 2185 mirabilius
938 2141 991 2185 et
1027 2136 1447 2199 magnificentius
1486 2151 1674 2198 augere
1712 2140 1889 2199 posset
1927 2141 2084 2200 atque
2130 2153 2312 2186 ornare

317 2236 450 2284 quae
474 2220 638 2268 vellet
663 2235 946 2283 omnesque
972 2218 1206 2267 omnium
1231 2234 1407 2266 rerum
1434 2235 1565 2282 quae
1590 2218 1657 2266 ad
1682 2218 1962 2267 dicendum
1986 2219 2313 2283 pertinerent

317 2302 493 2351 106163
519 2302 694 2352 animo
725 2307 881 2366 atque
912 2301 1163 2350 memoria
1196 2301 1489 2350 contineret
1519 2302 1605 2370 (cf.
1636 2301 1746 2349 also
1782 2302 1922 2351 Orat.
1961 2302 2008 2362 5,
2037 2303 2101 2350 18
2135 2302 2309 2359 Quint.

317 2386 458 2435 VIII
488 2402 714 2449 prooem.
743 2384 849 2450 13).
924 2385 1099 2442 Quint.
1127 2385 1156 2432 I
1182 2384 1263 2445 10,
1292 2384 1322 2432 8
1351 2383 1484 2431 ‘fuit
1509 2383 1702 2447 aliquis
1730 2384 1842 2432 sine
1869 2384 1935 2432 iis
1967 2388 2056 2453 (36.
2086 2385 2309 2449 artibus)

318 2468 581 2517 disertus.'
663 2469 765 2517 Sed
802 2484 896 2531 ego
934 2471 1194 2516 oratorem
1229 2467 1363 2515 volo.
1440 2467 1568 2514 This
1607 2467 1918 2515 distinction
1955 2467 2016 2528 13,
2056 2467 2311 2529 however,

317 2555 410 2600 not
460 2551 655 2615 always
699 2550 1047 2614 consistently
1090 2550 1358 2610 observed,
1401 2565 1442 2597 e.
1490 2567 1534 2612 g.
1580 2565 1620 2598 c.
1664 2550 1730 2598 27
1776 2559 1800 2596 2
1851 2550 2153 2598 disertiores
2198 2566 2311 2599 esse

317 2633 576 2697 antiquos.
651 2634 718 2681 In
758 2634 849 2682 the
891 2633 1025 2681 later
1063 2632 1319 2694 writings,
1361 2632 1644 2680 ‘disertus'
1689 2648 1868 2681 occurs
1907 2633 2032 2696 only
2077 2633 2134 2680 in
2170 2633 2307 2681 Ann.

318 2716 398 2766 IV
433 2717 514 2777 52,
555 2716 567 2736 ‘
584 2720 758 2764 orator
775 2716 788 2740 '
826 2715 1014 2778 taking
1043 2715 1112 2763 its
1138 2715 1301 2779 place,
1329 2715 1413 2762 101
1449 2714 1461 2734 ³
1479 2714 1758 2778 eloquens⁷
1787 2715 1831 2763 is
1858 2715 2024 2763 found
2047 2716 2143 2764 but
2169 2732 2310 2777 0666,

318 2797 376 2847 16
427 2799 525 2862 Ag.
583 2800 662 2847 10.
681 2799 848 2847 —On
901 2798 991 2846 the
1047 2797 1349 2861 etymology
1392 2798 1449 2845 of
1496 2797 1741 2858 disertus,
1791 2798 1857 2846 cf.
1905 2798 2153 2859 Wilkins,
2206 2799 2308 2848 Cic.

321 2882 384 2930 de
410 2886 538 2930 orat.
565 2882 598 2931 l.
627 2898 667 2931 c.

389 2966 420 3013 6
447 2966 703 3015 causidici
728 2964 740 2985 ²
757 2965 1136 3029 pettifoggers!
1212 2964 1322 3012 The
1348 2968 1483 3012 term
1509 2963 1553 3012 13
1582 2964 1850 3027 generally
1875 2965 2004 3012 used
2030 2964 2085 3012 in
2122 2966 2311 3014 malam

319 3051 522 3110 partem
542 3063 583 3096 6.
606 3064 650 3110 g.
676 3047 779 3097 Cic.
803 3048 866 3096 de
893 3051 1020 3096 orat.
1050 3047 1078 3094 I
1103 3048 1185 3108 46,
1208 3047 1308 3095 202
1328 3062 1434 3094 non
1453 3046 1593 3094 enim
1613 3046 1935 3095 causidicum
1961 3048 2136 3096 nescio
2158 3064 2310 3111 quem

319 3145 488 3193 neque
508 3129 844 3178 clamatorem
864 3134 954 3178 aut
973 3129 1221 3178 rabulam.
1274 3129 1450 3185 Quint.
1474 3129 1587 3176 XII
1608 3129 1654 3189 1,
1677 3129 1742 3177 25
1763 3145 1867 3177 11011
1888 3129 2027 3177 enim
2048 3130 2310 3179 forensem

321 3213 581 3275 quandam
619 3212 945 3260 instituimus
984 3228 1195 3276 operam
1232 3227 1326 3259 nec
1361 3211 1736 3259 mercenariam
1761 3228 1940 3260 vocem
1966 3229 2059 3261 nec
2087 3251 2096 3260 .
2128 3251 2137 3260 .
2168 3251 2177 3261 .
2206 3229 2311 3261 non

320 3294 565 3343 inutilem
609 3310 732 3343 sane
775 3295 950 3343 litium
994 3295 1303 3343 advocatum
1341 3310 1495 3357 quem
1533 3294 1757 3357 denique
1795 3295 2115 3343 causidicum
2153 3296 2310 3358 vulgo

319 3382 522 3426 vocant.
596 3378 805 3425 Petron.
837 3378 942 3426 Sat.
976 3378 1058 3437 46,
1087 3380 1132 3426 7.
1207 3378 1319 3424 Iuv.
1350 3377 1428 3425 VI
1458 3378 1558 3425 439
1585 3377 1694 3425 VII
1729 3377 1843 3425 113.
1876 3378 1989 3426 136.
2065 3378 2310 3426 VVithout

320 3459 427 3508 this
469 3475 738 3522 accessory
763 3459 944 3507 notion
970 3459 1027 3507 01
1051 3463 1332 3522 contempt,
1360 3459 1450 3506 the
1476 3459 1622 3506 word
1649 3458 1694 3506 is
1721 3459 1886 3506 found
1916 3459 1970 3506 in
1997 3461 2202 3508 Luci-et.
2233 3461 2309 3510 IV

321 3542 422 3590 966
461 3541 677 3609 (quoted
704 3541 775 3605 by
800 3541 1054 3605 Wilkins)
1093 3542 1196 3589 and
1227 3540 1283 3587 in
1318 3540 1420 3590 Cic.
1461 3541 1600 3589 Orat.
1628 3543 1678 3601 9,
1712 3542 1777 3589 30
1812 3558 1933 3589 nam
1969 3542 2060 3605 qui
2095 3542 2310 3605 Lysiam
