2716 3964
1208 221 1256 263 0.
1294 222 1358 262 18.
2169 206 2274 259 201

286 381 440 431 posse
465 383 579 416 esse
606 382 834 415 summos
861 366 953 430 qui
979 366 1118 414 inter
1145 382 1199 414 se
1226 370 1350 414 sunt
1378 365 1661 413 dissimiles
1689 365 1792 413 and
1818 380 1922 428 esp.
1948 364 2011 412 de
2037 369 2164 412 orat.
2189 365 2278 412 III

288 450 336 510 7,
363 449 431 498 25
455 481 527 486 —
550 451 598 510 9,
643 450 725 510 36,
763 449 937 497 where
974 449 1067 497 the
1115 449 1266 497 truth
1302 449 1359 496 of
1395 448 1487 497 the
1523 447 1691 496 thesis
1740 447 1955 495 ‘natura
2003 446 2151 495 nulla
2199 451 2279 495 est

285 571 298 584 .
328 571 340 583 .
369 572 380 583 .
410 550 542 598 quae
568 551 672 583 non
708 534 899 583 habeat
935 533 992 581 in
1018 550 1111 582 suo
1137 549 1324 597 genere
1362 549 1444 582 res
1484 533 1777 597 complures
1817 531 2102 581 dissimiles
2140 531 2279 580 inter

287 632 343 666 se
370 633 503 680 quae
539 622 719 665 tamen
756 616 1018 665 consimili
1055 616 1209 664 laude
1241 616 1554 678 dignentur'
1593 615 1638 664 is
1677 614 2000 664 established
2039 615 2107 678 by
2136 614 2279 662 illus-

285 699 510 748 trations
537 699 676 748 from
701 703 797 761 art,
825 703 1011 763 poetry
1038 699 1142 747 and
1166 703 1391 762 oratory.
1468 698 1643 755 Quint.
1671 699 1724 746 X
1749 698 1795 759 5,
1826 700 1856 746 7
1891 696 1935 745 si
1961 713 2066 744 uno
2093 713 2278 759 genere

285 781 417 830 bene
458 782 734 844 diceretur,
776 782 858 830 fas
903 786 1015 830 erat
1050 781 1343 830 existimari
1390 781 1715 844 praeclusam
1754 780 1904 828 nobis
1949 795 1980 828 a
2018 779 2277 843 prioribus

285 864 442 913 viam.
517 866 672 913 Nunc
716 881 839 913 vero
883 863 1293 912 innumerabiles
1338 868 1462 911 sunt
1505 863 1646 911 modi
1688 863 2049 926 plurimaeque
2098 863 2278 910 eodem

285 946 403 995 viae
447 948 646 995 ducunt
681 948 822 996 VIII
850 948 896 1008 5,
924 948 992 996 34
1023 962 1103 1008 110,
1133 947 1255 994 dum
1281 946 1523 994 volumus
1562 962 1674 994 esse
1713 945 1955 993 meliores
1994 945 2275 1006 veteribus,

287 1004 451 1078 s'imus
500 1034 708 1078 tantum
757 1029 1056 1078 dissimiles.
1146 1030 1257 1077 The
1309 1045 1449 1077 same
1499 1027 1820 1076 alliterative
1864 1027 2175 1075 collocation
2223 1028 2280 1075 of

287 1111 580 1161 ‘deterius'
608 1113 712 1161 and
738 1112 1036 1161 ‘diversus'
1076 1128 1256 1160 occurs
1298 1114 1415 1160 Tac.
1458 1111 1594 1159 Ann.
1638 1112 1739 1160 XV
1774 1111 1838 1158 10
1879 1110 1936 1157 in
1976 1110 2185 1158 diversa
2221 1126 2279 1159 ac

287 1195 548 1243 deteriora
572 1195 846 1243 transibat.
865 1196 1157 1244 —statim:
1185 1194 1195 1213 ³
1214 1194 1593 1257 straightway,⁷
1621 1193 1653 1241 i.
1683 1209 1724 1242 e.
1761 1209 1856 1241 nor
1881 1193 2003 1241 does
2030 1193 2073 1240 it
2099 1193 2279 1241 follow

286 1278 620 1341 necessarily.
695 1277 1029 1341 Apparently
1061 1276 1344 1340 colloquial
1380 1293 1553 1339 usage.
1630 1275 1709 1325 Cf.
1739 1275 1915 1332 Quint.
1951 1276 1978 1322 I
2004 1276 2052 1336 4,
2079 1276 2146 1323 24
2183 1292 2279 1324 1100

288 1360 467 1409 statim
495 1360 804 1423 diligentem
830 1360 1025 1424 putabo
1051 1360 1156 1408 and
1180 1359 1263 1407 his
1291 1359 1596 1407 inferentia]
1621 1374 1713 1406 use
1741 1358 1798 1406 of
1824 1358 1835 1377 ³
1853 1357 2122 1422 protinus'
2158 1374 2199 1406 e.
2230 1375 2274 1421 g.

286 1444 427 1492 VIII
453 1443 501 1504 2,
528 1444 560 1490 4
598 1459 704 1492 11011
741 1442 1001 1506 quidquid
1036 1458 1142 1490 non
1179 1442 1280 1490 erit
1317 1441 1604 1505 proprium,
1633 1440 1873 1504 protinus
1913 1444 1965 1488 et
2003 1440 2278 1505 improprii

285 1525 419 1574 vitio
444 1526 717 1574 laborabit.

357 1609 421 1657 16
459 1609 593 1659 vitio
615 1612 791 1658 autem
821 1609 1182 1672 malignitatis
1203 1609 1466 1657 humanae
1485 1611 1665 1657 vetera
1686 1622 1887 1670 semper
1907 1607 1964 1655 in
1987 1607 2144 1656 laude
2174 1611 2276 1655 etc:

287 1691 398 1740 The
425 1691 615 1754 golden
642 1707 735 1754 age
761 1691 857 1739 has
896 1691 1092 1754 always
1126 1691 1259 1739 been
1284 1691 1469 1754 placed
1506 1690 1561 1736 in
1600 1690 1690 1737 the
1730 1693 1850 1753 past
1890 1689 1994 1737 and
2032 1689 2122 1737 the
2160 1689 2280 1738 idea

285 1774 404 1823 that
441 1773 728 1837 ‘blessings
754 1774 1002 1836 brighten
1028 1789 1083 1821 as
1109 1774 1236 1837 they
1262 1773 1386 1821 take
1423 1772 1577 1821 their>
1600 1772 1754 1835 flight
1771 1772 1783 1796 ⁷
1810 1772 1904 1821 has
1944 1772 2278 1836 accordingly

285 1873 413 1921 very
433 1857 738 1920 frequently
754 1857 920 1905 found
946 1855 1341 1919 epigrammatic
1362 1855 1681 1919 expression,
1709 1855 1911 1917 though
1936 1859 2029 1902 not
2053 1854 2278 1902 without

285 1940 504 1988 decided
551 1944 797 2004 protests,
849 1939 1134 2003 especially
1185 1923 1421 1987 common
1469 1938 1525 1985 in
1573 1938 1846 2002 post-Aug.
1897 1937 2118 1985 writers.
2213 1938 2277 1984 In

284 2022 523 2071 addition
566 2026 622 2070 to
663 2022 754 2071 the
798 2038 1042 2085 passages
1086 2022 1299 2086 already
1343 2021 1484 2070 cited
1525 2025 1579 2068 to
1623 2037 1662 2068 c.
1692 2021 1757 2067 12
1803 2028 1853 2067 12
1894 2021 1996 2068 and
2037 2021 2100 2068 15
2132 2029 2172 2081 2,
2208 2021 2273 2068 cf.

285 2106 580 2154 Menander
610 2105 686 2175 (?)
716 2121 796 2168 ap.
828 2105 968 2153 St'ob.
999 2105 1114 2165 125,
1143 2106 1174 2153 3
1214 2105 1350 2154 δεινοὶ
1387 2107 1477 2169 γὰρ
1517 2104 1643 2167 ἀνδρὶ
1681 2105 1849 2154 πάντες
1887 2105 2031 2165 ἐσμὲν
2068 2102 2262 2172 εὖκλεεῖΙ

284 2191 430 2238 Ζῶντι
470 2189 722 2251 φθονῆσαι,
752 2188 1037 2238 κατθανόντα
1061 2186 1106 2236 δ’
1132 2187 1322 2248 αἰνέσαι,
1352 2186 1594 2234 imitated
1617 2186 1687 2249 by
1714 2186 1842 2233 Hor.
1885 2186 1937 2234 C.
1975 2185 2065 2233 III
2099 2186 2179 2246 24,
2209 2187 2273 2234 31

282 2270 536 2319 virtutem
562 2270 877 2319 incolumem
903 2270 1108 2318 odimus
1143 2268 1149 2339 Ι
1183 2270 1442 2317 sublatam
1469 2285 1532 2316 ex
1570 2268 1733 2316 oculis
1761 2267 2060 2331 quaerimus
2089 2268 2272 2316 invidi.

283 2353 424 2401 Plub.
454 2354 568 2401 Per.
597 2355 663 2402 39
702 2356 747 2402 οἱ
771 2355 943 2413 ζῶντος
980 2353 1289 2417 βαρυνόμενοι
1327 2354 1413 2415 τὴν
1446 2352 1646 2414 δύναμιν,
1676 2350 1733 2402 ὥς
1768 2355 2068 2415 ἀμαυροῦσαν
2090 2354 2271 2409 αὐτούς,

285 2436 417 2488 εὗθὺς
460 2440 510 2484 ἐκ
549 2436 703 2486 ποδῶν
741 2436 990 2502 γενομένου
1029 2473 1038 2483 .
1070 2473 1079 2483 .
1110 2471 1120 2482 .
1162 2438 1553 2499 ἀνωμολογοῦντο
1596 2434 1911 2497 μετριώτερον
1954 2437 2002 2482 ἐν
2036 2434 2162 2498 ὄγκῳ
2202 2435 2274 2481 καὶ

284 2518 568 2583 σεμνότερον
592 2523 641 2568 ἐν
664 2517 902 2583 πρᾳότητι
927 2520 992 2582 μὴ
1021 2522 1161 2580 φῦναι
1187 2516 1383 2582 τρόπον.
1473 2516 1576 2565 Cic.
1607 2515 1748 2563 Lael.
1778 2516 1824 2576 1,
1852 2517 1884 2562 4
1922 2515 1977 2562 in
2002 2515 2274 2563 hominum

282 2605 521 2649 veterum
565 2601 879 2649 auctoritate
929 2605 982 2649 et
1022 2616 1199 2648 eorum
1243 2599 1532 2647 illustrium
1575 2599 1694 2661 plus
1744 2598 1920 2646 nescio
1970 2615 2072 2661 quo
2121 2603 2273 2661 pacto

282 2683 493 2732 videtur
521 2721 530 2731 .
560 2722 570 2732 .
600 2722 610 2732 .
640 2683 918 2746 gravitatis
967 2683 1101 2733 Vell.
1142 2684 1258 2731 Pat.
1299 2683 1357 2729 II
1384 2683 1465 2743 92,
1493 2683 1525 2728 4
1552 2681 1851 2744 praesentia
1887 2681 2102 2741 invidia,
2132 2697 2274 2744 prae-

281 2766 444 2815 terita
461 2766 797 2815 veneratione
819 2766 1183 2830 prosequimur
1229 2766 1343 2813 Sen.
1368 2765 1434 2812 ad
1459 2765 1620 2812 Marc.
1645 2764 1725 2824 16,
1749 2765 1779 2812 9
1807 2767 1887 2811 est
1908 2763 2118 2827 quidem
2145 2764 2273 2812 haec

282 2852 470 2897 natura
495 2849 811 2911 mortalium,
837 2853 898 2897 ut
934 2848 1070 2896 nihil
1108 2847 1272 2910 magis
1300 2847 1504 2910 placeat
1530 2862 1686 2909 quam
1713 2847 1850 2909 quod
1888 2846 2138 2894 amissum
2175 2851 2270 2907 est,

282 2930 571 2995 iniquiores
618 2948 795 2980 sumus
838 2932 1087 2980 adversus
1121 2931 1307 2979 relicta
1343 2933 1640 2992 ereptorum
1679 2928 1937 2976 desiderio
2005 2929 2067 2976 de
2098 2929 2269 2977 benef.

283 3013 312 3061 I
351 3015 433 3075 10,
473 3015 502 3062 1
549 3014 623 3063 sic
660 3014 919 3075 finiamus,
961 3030 1026 3062 ne
1071 3013 1127 3060 in
1164 3017 1344 3060 nostro
1382 3011 1587 3060 saeculo
1631 3011 1785 3074 culpa
1828 3010 2079 3059 subsidat.
2155 3011 2270 3059 Hoc

282 3095 503 3145 maiores
546 3097 713 3145 nostri
757 3096 930 3160 questi
974 3100 1110 3156 sunt,
1138 3095 1235 3143 1100
1278 3110 1371 3142 nos
1399 3093 1682 3157 querimur,
1725 3093 1821 3142 hoc
1861 3093 2058 3157 posteri
2104 3093 2270 3141 nostri

284 3183 582 3241 querentur,
612 3195 820 3228 eversos
850 3195 1035 3238 mores,
1063 3193 1278 3240 regnare
1300 3175 1606 3239 nequitiam,
1635 3175 1690 3222 in
1717 3176 1948 3224 deterius
1976 3192 2056 3223 res
2096 3176 2271 3223 huma-

283 3276 377 3309 nas
405 3266 457 3310 et
490 3278 641 3310 omne
668 3262 817 3311 nefas
845 3261 967 3310 labi.
1007 3262 1084 3310 VI
1112 3261 1193 3320 32,
1221 3261 1253 3306 4
1291 3260 1385 3321 Ep.
1416 3259 1497 3318 97,
1520 3258 1548 3305 1
1577 3273 1734 3319 erras,
1762 3258 1834 3305 mi
1862 3258 2048 3318 Lucili,
2086 3258 2129 3305 si
2167 3257 2270 3305 exi-

284 3343 466 3393 stimas
510 3344 676 3394 nostri
717 3344 911 3394 saeculi
950 3359 1062 3392 esse
1099 3342 1288 3390 vitium
1327 3340 1589 3388 luxuriam
1629 3344 1681 3388 et
1723 3340 2100 3402 negligentiam¹
2146 3339 2269 3388 boni

284 3426 442 3475 moris
469 3431 522 3475 et
547 3427 651 3475 alia
676 3443 806 3490 quae
833 3426 1024 3475 obi'ecit
1062 3441 1185 3473 suus
1214 3423 1434 3487 quisque
1473 3422 1795 3485 temporibus
1821 3441 1829 3470 :
1869 3423 2137 3470 hominum
2166 3422 2270 3470 ista

285 3512 408 3556 sunt
446 3524 550 3556 non
589 3513 899 3572 temporum.
939 3507 1087 3556 nulla
1126 3510 1268 3555 aetas
1296 3504 1503 3553 vacavit
1543 3520 1573 3552 a
1610 3504 1776 3567 culpa.
1818 3508 1870 3552 et
1908 3504 1952 3561 si
1990 3504 2266 3552 aestimare
