2716 3964
1228 288 1277 330 0.
1311 289 1351 329 3.
2210 275 2280 329 71

287 446 494 495 quoque
534 432 799 481 delectant
836 432 1076 497 quamvis
1114 450 1337 483 nocuere
1374 434 1560 495 libelli,
1589 435 1668 484 IV
1692 436 1725 482 4
1760 438 1821 482 ut
1856 450 1962 482 non
1998 434 2282 496 debuerim,

285 517 466 561 tamen
489 513 588 562 hoc
615 530 710 577 ego
736 514 934 563 crimen
959 516 1157 564 amabo.
1222 516 1341 565 Sen.
1371 517 1545 566 Contr.
1575 517 1635 564 II
1661 518 1709 578 2,
1728 517 1793 565 10
1825 517 1911 583 (de
1938 516 2150 584 Ovidio)
2180 533 2284 564 non

285 595 553 658 ignoravit
586 596 721 645 vitia
757 612 851 645 sua
887 597 981 646 sed
1017 598 1229 646 amavit.
1306 599 1482 656 Quint.
1510 600 1563 647 X
1590 600 1637 661 1,
1661 600 1760 648 130
1789 599 1834 647 si
1860 615 1966 647 non
1991 599 2168 647 omnia
2192 615 2286 647 sua

286 683 514 727 amasset
556 680 647 747 (sc.
679 680 914 748 Seneca).
989 681 1054 728 88
1095 680 1316 729 Ovidius
1345 721 1354 730 .
1386 719 1396 728 .
1427 719 1436 729 .
1466 681 1689 729 nimium
1726 686 1928 730 amator
1965 681 2166 743 ingenii
2204 681 2286 729 sui

289 763 333 824 3,
352 762 418 810 12
444 778 540 811 nec
565 767 870 826 promptum
895 767 976 811 est
1002 754 1190 825 dicere,
1211 767 1358 812 utros
1385 780 1600 827 peccare
1621 764 1850 813 validius
1876 768 2071 827 putem,
2095 764 2284 828 quibus

291 844 463 893 omnia
488 845 700 908 placent
725 861 791 894 an
819 846 1007 909 quibus
1034 846 1186 894 nihil.

355 929 387 976 7
431 943 628 991 pravae
672 929 1136 992 interpretationi:
1197 927 1767 994 *Misinterpretation.'
1859 931 1927 978 In
1973 930 2085 979 this
2135 946 2286 980 sense

290 1002 528 1074 ‘pravus'
560 1011 640 1078 (=
658 1027 918 1075 perverse,
946 1013 1112 1061 Germ.
1137 1011 1330 1081 schief)
1360 1028 1538 1061 occurs
1566 1013 1622 1060 in
1646 1013 1742 1061 but
1768 1029 1864 1062 one
1890 1013 2042 1061 other
2065 1030 2286 1078 passage

289 1092 342 1140 in
367 1093 614 1141 Tacitus:
654 1094 724 1142 H.
754 1095 813 1142 II
847 1095 914 1143 23
948 1095 1124 1143 omnia
1157 1095 1348 1143 ducum
1381 1095 1525 1144 facta
1553 1112 1714 1159 prave
1746 1096 2146 1144 aestimantibus
2182 1098 2287 1145 and

288 1176 602 1240 apparently
627 1177 801 1241 rarely
826 1178 1127 1240 elsewhere,
1156 1194 1197 1226 e.
1217 1195 1263 1241 g.
1292 1178 1431 1228 Plin.
1459 1180 1525 1227 N.
1555 1180 1625 1226 H.
1655 1179 1819 1228 XVII
1853 1180 1900 1240 9,
1927 1179 1974 1240 8,
2003 1179 2068 1228 57
2100 1179 2157 1228 id
2182 1180 2286 1244 ple-

286 1259 434 1323 rique
461 1276 622 1323 prave
647 1259 980 1323 intellegunt.
1056 1261 1166 1309 The
1194 1263 1575 1310 over—cautious
1611 1262 1879 1310 Secundus
1906 1278 2139 1310 assumes
2167 1263 2286 1311 that

287 1342 375 1391 the
401 1347 701 1391 utterances
728 1343 787 1391 01
810 1344 1086 1392 Maternus
1112 1344 1227 1392 lent
1255 1344 1576 1393 themselves
1609 1345 1813 1408 readily
1838 1349 1895 1393 to
1920 1345 2286 1394 misconstruc-

289 1426 399 1474 tion
430 1443 498 1475 on
531 1427 621 1475 the
657 1431 778 1491 part
812 1427 870 1475 of
905 1427 1056 1476 those
1090 1428 1209 1476 who
1243 1444 1379 1477 were
1416 1428 1808 1491 unacquainted
1839 1428 1973 1476 with
2008 1428 2100 1476 the
2138 1429 2285 1493 truly

286 1507 428 1574 loyal
454 1510 724 1558 character
750 1510 809 1558 of
839 1510 931 1558 the
965 1515 1088 1574 poet
1118 1511 1227 1577 (see
1259 1527 1300 1559 0.
1329 1512 1438 1578 41).
1513 1511 1598 1559 Ηο
1625 1510 1671 1559 18
1698 1511 1809 1559 also
1834 1511 2204 1559 half-inclined
2228 1516 2284 1560 to

285 1593 473 1655 regard
508 1593 652 1641 what
687 1608 795 1641 was
833 1593 959 1657 only
989 1594 1235 1651 rumored
1264 1594 1572 1662 (diceretur)
1602 1609 1658 1642 as
1689 1594 1887 1657 having
1912 1610 1943 1642 a
1967 1594 2284 1643 foundation

285 1675 341 1723 in
383 1675 507 1725 fact.
583 1676 766 1725 Hence
810 1676 901 1725 the
951 1675 1239 1725 indicative
1284 1675 1680 1738 ‘offenderunt,'
1724 1677 1815 1725 the
1859 1677 2183 1726 conditional
2226 1677 2284 1726 in

285 1758 433 1822 place
460 1758 517 1807 of
547 1759 639 1807 the
671 1759 891 1807 relative
923 1759 1097 1808 clause
1131 1759 1291 1822 being
1322 1760 1453 1808 used
1489 1763 1544 1807 to
1583 1776 1797 1823 express
1835 1759 1944 1808 this
1984 1760 2283 1809 conviction

283 1841 387 1890 less
414 1842 649 1905 harshly.
714 1842 796 1892 On
820 1843 912 1891 the
937 1859 1030 1891 use
1057 1843 1114 1891 01
1140 1842 1213 1890 ‘si
1240 1843 1368 1906 qua'
1397 1843 1481 1891 for
1508 1842 1580 1891 ‘si
1607 1843 1771 1906 quae,'
1799 1843 1865 1891 01.
1896 1843 2091 1905 Sirker,
2119 1845 2278 1892 Tacit.

283 1926 641 1973 Formenlehre
676 1942 725 1988 p.
753 1927 821 1974 43
870 1926 1034 1987 Νο110,
1062 1927 1180 1974 Lat.
1208 1927 1458 1974 Formenl.
1488 1921 1552 1973 ΙΙΔ
1581 1927 1680 1974 438
1709 1926 2072 1976 f.—materia
2107 1925 2152 1974 is
2190 1927 2281 1975 the

283 2006 574 2056 invariable
601 2008 739 2056 form
764 2008 820 2056 in
844 2009 935 2057 the
962 2009 1133 2056 minor
1158 2009 1399 2071 writings
1427 2009 1531 2056 and
1557 2008 1614 2055 in
1647 2009 1738 2056 the
1772 2009 2041 2058 Histories
2072 2010 2282 2076 (except

283 2091 312 2138 I
337 2091 453 2159 51);
492 2090 549 2138 in
573 2091 665 2139 the
691 2090 913 2153 Annals,
941 2108 1008 2140 011
1033 2092 1124 2140 the
1151 2092 1302 2140 other
1336 2092 1493 2153 hand,
1521 2092 1767 2139 materies
1797 2091 1841 2139 is
1872 2093 2004 2140 used
2036 2093 2282 2157 through-

283 2178 390 2235 out,
427 2174 559 2222 with
594 2174 689 2223 but
724 2178 830 2222 two
868 2175 1173 2238 exceptions
1214 2175 1292 2241 (in
1329 2175 1420 2223 the
1456 2175 1647 2223 second
1679 2179 1829 2238 part:
1867 2176 1950 2223 XI
1978 2176 2008 2223 5
2046 2176 2179 2224 XVI
2203 2177 2278 2244 2).

284 2257 363 2306 Cf.
378 2257 662 2319 Woelfflin,
684 2258 874 2305 Philol.
898 2259 1057 2307 XXV
1081 2275 1130 2322 p.
1152 2259 1250 2306 101
1277 2259 1427 2306 Neue
1454 2258 1482 2305 I
1509 2258 1622 2307 371.
1677 2258 1738 2305 R.
1754 2259 1813 2307 V.
1837 2259 1865 2305 I
1892 2259 1992 2307 146
2018 2263 2140 2306 note
2162 2260 2242 2308 94.

352 2341 382 2388 8
422 2355 526 2390 non
557 2342 768 2405 quidem
805 2341 888 2389 101
925 2341 1016 2389 the
1055 2341 1296 2390 classical
1323 2340 1458 2389 ‘non
1494 2340 1763 2388 meliorem
1797 2341 2037 2403 quidem'
2066 2358 2122 2389 or
2149 2341 2281 2390 ‘non

282 2423 435 2471 illum
473 2423 686 2487 quidem
723 2424 1026 2472 meliorem.’
1102 2424 1181 2474 Cf.
1212 2440 1251 2472 c.
1282 2425 1313 2473 5
1346 2432 1396 2471 31
1433 2424 1685 2472 disertam
1727 2425 1816 2490 (sc.
1854 2424 2025 2491 illam)
2067 2425 2280 2487 quidem

281 2507 313 2554 9
341 2513 392 2553 13
418 2507 627 2570 pulchri
658 2508 748 2573 (sc.
778 2507 884 2575 illi)
916 2507 1142 2570 quidem.
1196 2509 1262 2556 34
1291 2515 1342 2554 18
1392 2508 1460 2555 H.
1491 2507 1518 2553 I
1545 2508 1624 2555 63.
1683 2507 1820 2554 Ann.
1849 2507 1939 2554 III
1965 2509 2031 2556 69
2070 2508 2148 2557 IV
2173 2510 2219 2557 7.
2248 2509 2278 2556 8

280 2589 329 2638 V
365 2589 397 2637 5
446 2590 526 2639 VI
565 2591 630 2638 50
679 2590 784 2639 XV
820 2591 884 2639 71
950 2590 1065 2638 Sen.
1103 2591 1167 2638 de
1205 2589 1283 2638 ira
1319 2590 1410 2638 III
1447 2590 1512 2638 38
1574 2590 1669 2652 Ep.
1700 2590 1815 2650 110,
1845 2590 1890 2640 1.
1967 2590 2107 2654 Only
2152 2607 2279 2639 once

280 2670 337 2720 in
375 2672 551 2729 Quint.
593 2674 677 2722 IX
713 2673 761 2734 2,
801 2674 866 2722 57
904 2689 1010 2721 11011
1049 2690 1095 2736 q.
1137 2672 1429 2733 reticentia,
1469 2671 1564 2719 but
1607 2676 1699 2720 not
1740 2688 1854 2720 rare
1894 2672 1950 2720 in
1990 2673 2152 2737 Pliny
2188 2674 2279 2721 the

280 2756 771 2818 Younger.—-This
815 2757 1045 2819 prudent
1089 2756 1270 2804 advice
1315 2756 1372 2803 of
1417 2756 1685 2804 Secundus
1729 2755 2025 2819 admirably
2067 2758 2278 2804 accords

279 2837 412 2886 with
455 2838 538 2887 his
585 2839 854 2887 character
897 2855 953 2887 as
1000 2839 1253 2887 sketched
1294 2839 1365 2902 by
1409 2838 1585 2895 Quint.
1626 2839 1678 2886 X
1718 2838 1764 2899 1,
1802 2839 1901 2886 120
1946 2839 2050 2887 and
2092 2843 2146 2887 at
2187 2840 2278 2888 the

281 2936 421 2969 same
464 2921 594 2969 time
639 2921 813 2970 voices
857 2922 948 2970 the
990 2922 1294 2970 historian⁷s
1340 2937 1456 2968 own
1501 2921 1829 2982 sentiments,
1876 2937 1932 2969 as
1976 2922 2021 2970 is
2066 2922 2279 2970 evident

280 3003 419 3052 from
444 3020 603 3068 many
630 3021 893 3068 passages,
921 3021 962 3053 e.
981 3022 1026 3067 g.
1055 3004 1193 3053 Ann.
1223 3005 1357 3053 XIV
1382 3004 1447 3051 12
1486 3003 1587 3051 sibi
1625 3019 1834 3051 causam
1871 3004 2094 3067 periculi
2133 3004 2277 3065 fecit,

284 3087 376 3153 (80.
406 3087 640 3136 Thrasea
674 3089 894 3156 Paetus)
924 3087 1112 3136 ceteris
1150 3086 1414 3135 libertatis
1452 3086 1666 3134 initium
1703 3102 1809 3134 non
1845 3087 2102 3149 praebuit.
2178 3087 2274 3149 Ag.

281 3169 347 3216 42
378 3186 484 3218 non
517 3171 843 3220 contumacia
874 3187 1043 3234 neque
1082 3169 1228 3218 inani
1266 3168 1546 3217 iactatione
1576 3168 1840 3217 libertatis
1868 3169 2065 3217 famam
2090 3170 2279 3218 fatum-

282 3268 382 3315 que
425 3254 757 3317 provocabat.
849 3254 1044 3314 Sciant,
1092 3253 1282 3316 quibus
1333 3251 1492 3299 moris
1538 3255 1590 3299 et
1633 3250 1840 3300 inlicita
1882 3252 2079 3312 mirari,
2126 3268 2278 3315 posse

282 3335 443 3383 etiam
483 3337 578 3385 sub
614 3337 768 3385 malis
807 3337 1135 3401 principibus
1175 3350 1389 3397 magnos
1428 3334 1570 3382 viros
1609 3349 1737 3395 esse,
1771 3335 2182 3398 obsequiumque
2221 3351 2279 3383 ac

282 3419 596 3467 modestiam
623 3459 634 3470 .
664 3457 674 3468 .
704 3457 714 3468 .
743 3435 802 3468 eo
828 3419 999 3468 laudis
1033 3419 1310 3467 escendere
1343 3432 1445 3480 quo
1470 3416 1710 3480 plerique
1737 3433 1831 3480 per
1856 3417 2080 3480 abrupta
2105 3418 2198 3465 sed
2223 3417 2278 3464 in

283 3501 488 3549 nullum
526 3501 602 3550 rei
639 3502 879 3565 publicae
915 3517 1069 3550 usum
1105 3500 1386 3549 ambitiosa
1427 3504 1594 3547 morte
1638 3499 2010 3548 inclaruerunt.
2087 3500 2156 3547 H.
2186 3500 2213 3547 I
2248 3501 2275 3547 1

284 3583 579 3632 uberiorem
603 3585 1002 3649 securioremque
1029 3582 1304 3632 materiam
1331 3581 1588 3630 senectuti
1615 3581 1824 3645 seposui
1850 3586 1946 3632 etc.
