2716 3964
583 252 653 288 XO
1346 249 1818 292 PROLEGOMENA.

582 404 621 435 c.
650 395 701 434 15
725 402 740 433 1
772 398 871 435 tum
891 395 1040 447 Aper:
1076 396 1200 436 ‘Non
1224 395 1404 444 desinis,
1429 396 1545 436 Mes-

638 463 762 514 salla,
787 470 941 505 vetera
969 470 1147 505 tantum
1170 495 1180 506 .
1207 495 1216 504 .
1245 495 1254 505 .
1281 464 1434 505 mirari
1456 495 1466 506 .
1492 495 1502 506 .
1528 495 1538 505 .

639 545 742 574 cum
765 565 774 574 .
802 565 811 574 .
840 565 849 575 .
871 534 1098 574 neminem
1120 534 1204 574 hoc
1226 540 1427 585 tempore
1448 545 1546 574 ora-

638 608 782 644 torem
804 614 898 643 esse
923 603 1215 643 contenderes
1233 633 1241 643 .
1262 634 1271 644 .
1291 634 1300 643 .
1319 614 1421 643 cum
1444 614 1543 643 eam

637 674 826 726 gloriam
867 685 1002 724 quam
1044 673 1127 712 tibi
1169 671 1245 713 alii
1292 672 1546 713 concedunt

639 744 732 794 ipse
761 743 844 783 tibi
874 742 1142 794 denegares'

1527 834 1563 862 ,4-

582 895 620 925 c.
649 884 700 924 16
723 891 740 922 1
774 888 1006 935 ‘magnam
1022 884 1032 904 ’
1058 883 1205 934 inquit
1225 881 1457 923 Secundus
1480 886 1547 923 ‘et

639 953 822 1005 dignam
861 957 1059 993 tractatu
1103 951 1407 1003 quaestionem
1453 963 1547 992 mo-

640 1022 777 1073 vistis,
794 1023 872 1063 sed
891 1023 989 1073 quis
1009 1033 1106 1062 eam
1127 1022 1286 1061 iustius
1306 1021 1547 1072 explicabit

641 1104 776 1143 quam
796 1098 848 1132 tu
868 1093 925 1133 ad
947 1093 1074 1133 cuius
1096 1105 1318 1134 summam
1335 1092 1547 1133 eruditio-

640 1173 744 1201 nem
775 1167 820 1201 et
849 1163 1286 1213 praestantissimum
1317 1163 1545 1214 ingenium

642 1243 750 1272 cura
781 1243 956 1283 quoque
990 1236 1036 1272 et
1063 1233 1299 1273 meditatio
1325 1233 1544 1273 accessit?

644 1302 696 1341 15
716 1308 754 1339 11
785 1313 942 1342 causas
964 1332 974 1343 .
1000 1331 1009 1341 .
1037 1332 1047 1342 .
1073 1313 1185 1352 quas
1226 1313 1404 1343 mecum
1452 1302 1546 1353 ipse

642 1370 904 1423 plerumque
934 1372 1163 1423 conquiro.

587 1660 624 1690 c.
653 1649 703 1689 16
725 1656 746 1689 5
772 1648 818 1689 ff.
849 1652 859 1672 ‘
879 1649 1079 1701 aperiam
1112 1680 1121 1690 .
1161 1680 1170 1690 .
1209 1680 1219 1691 .
1255 1649 1549 1701 cogitationes

643 1730 766 1759 meas
805 1720 843 1759 si
884 1719 993 1759 illud
1034 1731 1062 1759 a
1100 1719 1226 1760 vobis
1265 1724 1370 1760 ante
1412 1720 1550 1771 impe-

643 1793 821 1829 travero
857 1819 866 1828 .
907 1819 917 1828 .
959 1819 968 1828 .
1014 1793 1118 1839 ‘pro
1157 1789 1364 1839 duobus‚'
1403 1789 1550 1840 inquit

645 1859 891 1908 Maternus,
921 1859 1176 1909 ‘promitto:
1208 1870 1314 1899 nam
1336 1862 1382 1899 et
1402 1870 1482 1911 ego
1504 1863 1550 1898 et

646 1928 877 1968 Secundus
932 1939 1231 1979 exsequemur
1280 1940 1355 1969 eas
1401 1933 1551 1980 partes

645 2009 756 2048 quas
809 1997 1161 2038 intellexerimus
1213 2002 1258 2038 te
1311 2010 1402 2038 non
1456 2003 1549 2039 tam

646 2067 845 2107 omisisse
876 2078 1012 2118 quam
1042 2067 1172 2108 nobis
1200 2067 1453 2119 reliquisse’

591 2481 629 2511 c.
654 2470 770 2510 2318
807 2482 887 2511 vos
925 2481 1031 2511 vero
1059 2501 1070 2512 .
1097 2501 1106 2512 .
1135 2502 1144 2511 .
1169 2474 1222 2511 ut
1259 2472 1458 2522 potestis,
1500 2474 1552 2510 ut

647 2539 808 2589 facitis,
835 2540 1069 2580 inlustrate
1094 2540 1322 2581 saeculum
1347 2545 1551 2581 nostrum

646 2609 946 2660 pulcherrimo
968 2621 1130 2663 genere
1151 2611 1330 2651 dicendi

591 2760 628 2789 c.
655 2749 707 2788 24
722 2757 743 2789 9
767 2761 819 2789 ac
840 2761 896 2789 ne
918 2749 1010 2800 ipse
1034 2750 1214 2801 quidem
1236 2750 1300 2790 ita
1319 2751 1456 2790 sentit
1474 2750 1553 2790 sed

647 2829 770 2859 more
800 2823 948 2859 vetere
979 2824 1024 2859 et
1055 2832 1083 2861 a
1108 2821 1334 2861 veteribus
1362 2819 1554 2871 philoso-

646 2888 747 2939 phis
784 2900 916 2940 saepe
961 2890 1184 2931 celebrato
1232 2890 1422 2941 sumpsit
1469 2889 1554 2930 sibi

647 2959 986 2999 contradicendi
1018 2965 1170 3011 partes

593 3163 630 3193 c.
655 3152 709 3192 26
729 3159 771 3192 29
806 3154 974 3194 veritus
1009 3154 1157 3204 credo,
1196 3165 1252 3194 ne
1286 3153 1454 3194 multos
1487 3152 1555 3194 of-

649 3221 867 3273 fenderet,
887 3223 925 3263 si
946 3235 1112 3275 paucos
1132 3224 1436 3275 excerpsisset.

595 3580 632 3610 e.
658 3569 712 3609 28
736 3575 752 3607 1
785 3572 883 3609 tum
906 3569 1138 3610 Messalla:
1170 3581 1261 3610 non
1283 3570 1550 3619 reconditas,

654 3640 873 3689 Materne,
891 3639 1255 3691 causasrequiris
1276 3651 1357 3680 nec
1374 3644 1452 3680 aut
1473 3640 1554 3679 tibi

1628 394 1684 436 de
1714 406 1804 447 rep.
1832 395 1854 436 Ι
1879 394 1947 446 13,
1970 395 2024 436 20
2052 399 2151 435 tum
2182 395 2422 436 Manilius:
2455 397 2586 437 ‘Per-

1683 464 1807 517 gisne
1836 475 1950 514 eam,
1978 463 2103 505 Laeli
2131 468 2276 505 artem
2305 465 2508 506 inludere
2536 466 2584 506 in

1685 545 1774 586 qua
1791 534 1987 586 primum
2007 533 2188 575 excellis
2213 534 2306 585 ipse

1629 882 1758 922 Brut.
1783 881 1852 931 87,
1875 880 1956 922 297
1992 891 2088 921 rem
2126 880 2430 921 commovistis
2466 891 2586 922 nova

1684 950 1987 1002 disputatione
2007 950 2189 1002 dignam
2226 949 2282 990 de
2298 961 2388 1001 rep.
2408 949 2430 989 Ι
2448 951 2517 999 21,
2530 949 2586 990 34

1685 1026 1782 1061 erat
1812 1031 2004 1071 aequum
2036 1019 2092 1059 de
2122 1030 2171 1059 re
2201 1018 2380 1070 publica
2412 1018 2586 1070 potissi-

1685 1102 1808 1130 mum
1834 1091 2081 1141 principem
2111 1089 2175 1128 rei
2204 1087 2409 1139 publicae
2437 1089 2585 1130 dicere

1684 1161 1763 1200 sed
1783 1160 1918 1200 etiam
1935 1158 2055 1210 quod
2068 1158 2358 1198 memineram
2374 1169 2585 1210 persaepe

1685 1236 1731 1272 te
1769 1244 1870 1272 cum
1907 1232 2122 1272 Panaetio
2157 1231 2372 1272 disserere
2405 1231 2586 1272 solitum

1688 1332 1697 1342 .
1725 1331 1734 1342 .
1761 1332 1771 1342 .
1797 1313 1886 1352 qua
1907 1301 1953 1341 in
1973 1301 2276 1352 disputatione
2301 1300 2513 1352 quoniam
2535 1305 2587 1340 tu

1685 1371 1883 1423 paratior
1902 1382 1962 1421 es,
1987 1371 2159 1421 feceris,
2180 1401 2190 1410 .
2214 1402 2222 1411 .
2246 1401 2255 1411 .
2276 1371 2313 1410 si
2334 1370 2389 1410 de
2409 1381 2456 1410 re
2476 1370 2588 1422 pub-

1685 1441 1773 1482 lica
1811 1441 1917 1491 quid
1956 1441 2125 1481 sentias
2165 1439 2416 1491 explicatis,
2457 1438 2588 1481 nobis

1685 1514 1864 1563 gratum
1894 1511 2115 1551 omnibus.

1631 1650 1687 1691 de
1708 1655 1818 1691 orat.
1838 1651 1884 1690 II
1906 1650 1945 1700 7,
1961 1651 2014 1691 27
2044 1650 2137 1701 ipse
2158 1649 2478 1699 obmutescam,
2500 1649 2589 1689 nisi

1687 1721 1811 1772 prius
1830 1732 1857 1760 a
1876 1721 2003 1760 vobis
2030 1721 2271 1770 impetraro
2294 1749 2302 1758 .
2330 1749 2339 1758 .
2367 1722 2499 1770 .'ego,
2522 1718 2589 1758 in-

1689 1792 1786 1841 quit
1818 1790 1972 1839 Iulius,
2006 1801 2087 1841 pro
2118 1794 2309 1839 utroque
2342 1787 2589 1839 respondeo

1688 1860 1814 1899 Brut.
1850 1859 1918 1908 32,
1954 1859 2032 1898 122
2097 1858 2152 1898 de
2182 1862 2294 1898 orat.
2329 1857 2375 1897 ΙΙ
2408 1857 2477 1907 89,
2506 1856 2588 1897 362

1689 1930 1744 1969 de
1774 1929 1855 1980 leg.
1883 1929 1904 1968 I
1933 1930 1998 1978 11,
2018 1929 2070 1968 32
2120 1928 2175 1967 de
2208 1931 2319 1968 orat.
2346 1927 2392 1967 II
2419 1927 2489 1977 29,
2510 1926 2589 1967 126

1689 2010 1834 2050 neque
1857 2029 1865 2038 .
1894 2029 1902 2038 .

1690 2069 1747 2109 ab
1777 2069 1979 2108 Antonio
2010 2072 2088 2108 aut
2116 2065 2479 2119 praetermissum
2511 2069 2592 2106 aut

1687 2138 1890 2178 relictum
1912 2139 1983 2187 sit,
2007 2149 2098 2177 non
2120 2136 2337 2188 explores,
2362 2146 2507 2188 neque
2525 2139 2586 2185 te,

1689 2208 1878 2257 Antoni,
1911 2207 1949 2247 si
1979 2207 2086 2258 quid
2118 2218 2209 2247 non
2240 2206 2408 2256 dixisti,
2441 2205 2592 2246 existi-

1689 2277 1913 2318 mabimus
1928 2289 2019 2317 non
2035 2276 2231 2328 potuisse
2244 2287 2379 2328 quam
2391 2286 2420 2317 a
2432 2274 2591 2316 Crasso

1690 2347 1779 2388 dici
1799 2346 2007 2387 maluisse

1635 2472 1690 2512 de
1715 2476 1825 2513 orat.
1853 2473 1876 2512 I
1902 2472 1942 2522 8,
1962 2471 2015 2511 34
2046 2482 2181 2522 quam
2208 2471 2266 2511 ob
2289 2481 2384 2510 rem
2403 2469 2588 2522 pergite,

1690 2546 1742 2582 ut
1770 2541 1932 2590 facitis,
1966 2541 2275 2581 adulescentes
2305 2544 2439 2591 atque
2469 2539 2516 2579 in
2545 2537 2592 2579 id

1690 2611 1889 2652 studium
1911 2610 1957 2650 in
1979 2622 2067 2661 quo
2088 2611 2195 2650 estis
2215 2610 2459 2650 incumbite

1636 2750 1691 2791 de
1726 2755 1836 2790 orat.
1873 2750 1895 2789 I
1929 2750 1998 2799 62,
2032 2749 2114 2789 263
2155 2749 2306 2799 Atque
2345 2748 2495 2788 nescio
2533 2758 2594 2789 an

1692 2820 1823 2861 aliter
1855 2819 2023 2859 sentias
2055 2822 2100 2858 et
2130 2823 2258 2858 utare
2291 2822 2373 2858 tua
2405 2815 2594 2857 mirifica

1692 2890 1749 2930 ad
1770 2888 2066 2928 refellendum
2093 2886 2415 2928 consuetudine
2437 2917 2446 2926 .
2473 2916 2483 2926 .
2511 2916 2520 2926 .
2546 2886 2594 2926 in

1691 2958 2057 3010 philosophorum
2094 2955 2417 2997 consuetudine
2448 2965 2595 2996 versa-

1691 3032 1765 3068 tus

1636 3154 1763 3193 Brut.
1781 3153 1850 3202 65,
1865 3151 1944 3191 231
1968 3151 2110 3192 vereri
2131 3155 2190 3201 te,
2208 3150 2368 3202 inquit,
2385 3149 2591 3199 arbitror,

1691 3234 1748 3262 ne
1770 3222 1852 3262 tibi
1871 3225 2165 3261 succenseant
2184 3231 2296 3271 quos
2315 3216 2597 3270 praeterieris

1692 3292 1748 3332 de
1787 3303 1877 3342 rep.
1914 3291 1935 3330 1
1976 3291 2014 3340 1,
2050 3291 2070 3330 1
2122 3299 2472 3330 commemorare
2520 3298 2598 3328 eos

1692 3360 1862 3411 desino,
1896 3372 1953 3400 ne
1987 3360 2086 3411 quis
2114 3371 2160 3400 se
2193 3364 2272 3400 aut
2303 3369 2486 3399 suorum
2518 3356 2598 3398 ali-

1693 3442 1825 3482 quem
1857 3430 2220 3481 praetermissum
2255 3432 2481 3480 queratur.

1638 3570 1693 3609 de
1715 3574 1825 3609 orat.
1851 3569 1919 3608 III
1940 3568 2008 3617 37,
2029 3568 2108 3608 148
2136 3572 2231 3607 tum
2254 3566 2463 3607 Crassus:
2496 3565 2599 3605 Per-

1695 3638 1909 3690 volgatas,
1944 3637 2104 3688 inquit,
2138 3640 2183 3677 et
2212 3635 2296 3677 tibi
2325 3646 2416 3676 non
2450 3634 2599 3685 incog-
2624 3692 2627 3696 Ι

1930 2030 1940 2039 .
1965 2010 2047 2038 nos
2084 1996 2280 2049 privabis
2319 2000 2370 2037 ut
2406 1996 2445 2037 si
2482 1995 2591 2048 quid
2642 2035 2652 2044 ,
