2716 3964
1224 287 1271 327 C.
1310 289 1374 329 19.
2173 272 2279 323 211

295 431 378 482 On
415 430 790 495 ‘principium'
831 431 898 479 cf.
939 432 995 488 Q.
1024 432 1102 479 IV
1128 432 1174 492 1,
1203 431 1231 479 1
1259 431 1313 481 ff.
1389 432 1559 482 Causa
1593 430 1842 495 principii
1879 431 2026 479 nulla
2061 431 2167 479 alia
2203 435 2285 479 est

295 529 451 577 quam
488 518 548 562 ut
581 513 889 573 auditorem,
918 529 1020 576 quo
1047 513 1118 561 sit
1143 513 1294 562 nobis
1321 514 1377 561 in
1403 513 1591 562 ceteris
1618 513 1856 577 partibus
1886 513 2282 574 accomodatior,

285 612 656 660 praeparemus
693 595 749 644 id
787 595 901 644 fieri
942 633 951 643 .
996 633 1006 643 .
1037 635 1046 645 .
1087 600 1292 644 constat
1330 596 1375 644 si
1411 596 1737 657 benevolum,
1765 600 2044 655 attentum,
2064 596 2286 644 docilem

296 678 591 728 fecerimus.
668 678 778 726 The
816 682 952 726 term
989 678 1034 726 is
1072 682 1164 726 not
1201 679 1412 742 strictly
1449 694 1804 743 synonymous
1845 678 1976 726 with
2014 679 2285 727 exordium

300 765 379 830 (or
403 760 767 825 prooemium),
794 760 997 823 though
1023 760 1173 809 often
1210 777 1266 809 so
1303 762 1447 823 used,
1476 761 1558 810 for
1594 762 1684 810 the
1720 761 1879 810 latter
1904 776 2010 809 was
2047 762 2118 825 by
2145 777 2287 810 some

297 843 512 892 divided
543 843 656 891 into
682 848 787 891 two
812 847 974 906 parts,
1003 843 1014 862 ‘
1032 843 1380 907 principium'
1420 845 1525 892 and
1562 844 1910 893 ‘insinuatio'
1987 844 2065 894 Cf.
2107 845 2283 902 Quint.

297 927 376 976 IV
401 927 448 987 1,
475 927 556 974 42.
587 928 668 986 76,
691 927 795 974 and
826 926 882 973 in
908 926 1119 988 general
1146 926 1297 975 Auct.
1329 928 1395 975 ad
1435 928 1562 976 Her.
1593 928 1621 975 Ι
1646 928 1679 975 4
1707 927 1809 977 Cic.
1835 928 1898 975 de
1925 926 2030 975 inv.
2061 928 2089 975 I
2117 928 2288 976 15-18

297 1009 517 1070 Piderit,
540 1008 643 1058 Cic.
673 1009 736 1057 de
762 1013 891 1057 orat.
919 1009 1131 1057 Einleit.
1161 1026 1209 1073 p.
1239 1010 1304 1058 65
1325 1010 1363 1057 f.

367 1092 432 1140 12
470 1092 866 1141 narrationum:
928 1090 1039 1138 The
1088 1091 1333 1148 narratio,
1367 1092 1605 1157 διήγησις,
1644 1092 1854 1156 usually
1904 1092 2151 1141 followed
2198 1092 2289 1141 the
2381 1113 2389 1122 ·

298 1173 658 1238 ‘praeparatio
685 1172 967 1236 principii.²
1044 1172 1123 1222 Cf.
1153 1173 1328 1229 Quint.
1358 1174 1436 1222 IV
1460 1174 1507 1234 2,
1536 1175 1565 1222 1
1605 1174 1830 1222 maxime
1856 1174 2096 1223 naturale
2132 1179 2213 1223 est
2238 1179 2293 1223 et

298 1256 412 1305 fieri
452 1255 881 1320 frequentissime
921 1255 1092 1316 debet,
1133 1260 1193 1303 ut
1232 1260 1541 1319 praeparato
1582 1292 1593 1303 .
1623 1295 1633 1304 .
1664 1295 1674 1304 .
1715 1257 1901 1318 iudice,
1943 1272 2042 1318 res,
2084 1258 2148 1306 de
2189 1274 2295 1322 qua

297 1339 735 1404 pronuntiaturus
762 1343 857 1399 est,
886 1338 1149 1387 indicetur
1175 1357 1184 1386 :
1223 1338 1350 1387 haec
1377 1343 1457 1387 est
1493 1339 1726 1388 narratio
1763 1341 1828 1389 28
1855 1356 1950 1389 nos
1977 1339 2124 1389 ducit
2149 1341 2294 1389 scho-

298 1422 469 1472 larum
507 1422 827 1470 consuetudo
864 1421 921 1469 in
958 1421 1147 1485 quibus
1186 1426 1329 1470 certa
1360 1423 1614 1485 quaedam
1653 1427 1919 1486 ponuntur
1947 1461 1956 1470 .
1988 1461 1997 1471 .
2027 1462 2038 1471 .
2070 1423 2291 1486 ideoque

298 1506 563 1570 prooemio
588 1505 822 1553 narratio
849 1520 1053 1568 semper
1078 1504 1414 1567 subiungitur
1444 1506 1507 1553 31
1536 1505 1768 1554 narratio
1796 1510 1877 1554 est
1901 1506 1978 1554 rei
2004 1506 2175 1555 factae
2202 1511 2294 1555 aut

298 1593 360 1637 ut
402 1588 574 1637 factae
616 1587 767 1636 utilis
811 1588 878 1636 ad
925 1588 1345 1652 persuadendum
1390 1588 1651 1651 expositio
1696 1590 2022 1653 sqq—alte
2064 1591 2294 1653 repetita

301 1672 461 1721 series
514 1671 546 1720 i.
575 1687 618 1719 e.
670 1671 840 1719 either
889 1671 1062 1734 prolix
1111 1670 1435 1733 expositions
1494 1671 1559 1719 ab
1607 1687 1719 1732 ovo,
1771 1688 1828 1720 or
1877 1672 2116 1735 episodes
2167 1673 2293 1736 only

300 1754 556 1818 remotely
581 1754 867 1802 connected
891 1753 1023 1801 with
1047 1754 1137 1801 the
1164 1753 1313 1817 point
1347 1758 1401 1802 at
1438 1753 1593 1821 issue,
1622 1770 1689 1802 on
1714 1754 1887 1802 which
1913 1755 1979 1803 cf.
2009 1755 2186 1813 Quint.
2215 1756 2294 1804 IV

301 1838 350 1898 3,
375 1837 442 1886 25
480 1837 633 1885 Hanc
669 1841 873 1900 partem
909 1837 1206 1901 παρέκβασιν
1240 1841 1430 1884 vocant
1469 1837 1669 1898 Graeci,
1700 1837 1879 1885 Latini
1904 1853 2169 1900 egressum
2206 1839 2293 1886 vel

302 1919 652 1983 egressionem
679 1957 690 1968 .
718 1957 729 1968 .
759 1957 769 1968 .
809 1924 870 1968 ut
904 1919 1020 1968 laus
1054 1919 1325 1967 hominum
1351 1919 1699 1983 locorumque,
1725 1925 1785 1968 ut
1822 1920 2105 1984 descriptio
2132 1922 2295 1984 regio-

302 2019 442 2064 num,
461 2002 722 2066 expositio
760 2003 1085 2066 quarundam
1111 2019 1284 2050 rerum
1318 2008 1584 2065 gestarum
1621 2003 1706 2051 vel
1750 2003 1910 2051 etiam
1935 2003 2292 2053 fabulosarum

303 2101 416 2150 sqq.
491 2086 588 2134 See
615 2085 726 2134 also
755 2085 859 2135 Cic.
889 2086 952 2134 de
979 2090 1106 2134 orat.
1137 2086 1227 2133 III
1253 2086 1334 2146 24,
1363 2086 1427 2135 91
1468 2101 1716 2148 quorsum
1742 2086 1904 2149 igitur
1935 2087 2062 2135 haec
2089 2092 2296 2150 spectat

303 2173 413 2218 tam
436 2168 594 2231 longa
618 2173 671 2217 et
695 2173 804 2216 tam
829 2169 936 2216 alte
964 2168 1192 2231 repetita
1227 2168 1395 2216 oratio
1419 2170 1444 2216 ⁶?
1483 2169 1545 2217 de
1572 2169 1670 2231 leg.
1700 2169 1727 2216 I
1759 2171 1805 2229 6,
1834 2170 1898 2218 18
1937 2170 2042 2218 alte
2079 2186 2202 2219 vero
2241 2175 2296 2218 et

302 2256 363 2300 ut
388 2256 596 2316 oportet
621 2267 652 2300 a
676 2251 847 2314 capite
875 2251 1069 2314 repetis
1097 2252 1236 2315 quod
1266 2251 1565 2314 quaerimus
1628 2252 1690 2300 de
1717 2252 1821 2300 inv,
1851 2253 1879 2300 I
1905 2253 1986 2313 20,
2014 2254 2080 2301 28
2118 2254 2292 2302 brevis

303 2339 386 2383 est
421 2334 653 2383 narratio
679 2334 725 2383 si
751 2350 855 2383 non
889 2334 953 2383 ab
989 2334 1178 2383 ultimo
1215 2334 1486 2397 repetitur.
1509 2334 1674 2384 —On
1698 2335 1806 2383 this
1831 2351 1923 2383 use
1950 2335 2008 2383 of
2043 2336 2198 2385 ‘alte’
2238 2336 2295 2383 in

306 2417 533 2479 TacitUS,
563 2433 648 2466 see
673 2422 795 2466 note
821 2434 861 2466 c.
893 2418 958 2465 12
987 2426 1052 2466 18.

475 2518 486 2538 ⁶
500 2515 818 2555 Narrationum
833 2516 844 2536 '
878 2515 924 2554 in
944 2514 1069 2565 place
1090 2514 1138 2554 of
1172 2515 1499 2564 ‘narrationis‚'
1534 2514 1570 2554 is
1589 2515 1883 2555 necessitated
1902 2515 1963 2566 by
1983 2516 2059 2555 the
2086 2517 2298 2568 meaning

416 2583 464 2624 of
497 2587 507 2607 ‘
524 2584 660 2624 series
676 2585 686 2604 '
721 2584 810 2624 and
830 2584 890 2635 by
911 2585 985 2623 the
1006 2583 1194 2635 stylistic
1215 2589 1464 2635 symmetry
1487 2583 1744 2623 observable
1766 2584 1812 2623 in
1832 2585 1908 2624 the
1929 2586 2250 2626 enumeration.

376 2666 441 2714 14
479 2667 768 2716 multarum
800 2667 1120 2716 divisionum
1151 2667 1464 2716 ostentatio:
1504 2666 1585 2714 On
1611 2665 1852 2714 ‘divisio'
1881 2682 1938 2714 01·
1962 2667 2195 2730 partitio,
2225 2669 2293 2716 of.

307 2748 462 2797 Rhet.
491 2750 558 2797 ad
595 2750 721 2797 Her.
752 2750 779 2796 I
807 2750 887 2809 10,
917 2752 946 2798 7
986 2750 1273 2799 Causarum
1310 2748 1502 2801 divisio
1539 2748 1595 2795 in
1632 2749 1759 2796 duas
1797 2754 1972 2812 partes
2011 2750 2297 2799 distributa

307 2835 401 2892 est,
429 2831 656 2894 primum
689 2836 932 2895 perorata
966 2831 1268 2880 narratione
1295 2832 1542 2879 debemus
1582 2831 1799 2894 aperire,
1829 2832 1956 2895 quid
1991 2833 2141 2882 nobis
2179 2850 2296 2882 con-

307 2913 488 2962 veniat
513 2930 630 2963 cum
656 2915 971 2963 adversariis
997 2919 1050 2963 et
1076 2914 1121 2962 si
1147 2930 1209 2962 ea
1234 2930 1366 2977 quae
1403 2913 1561 2961 utilia
1597 2914 1746 2962 nobis
1774 2919 1927 2963 erunt
1965 2916 2292 2976 convenient,

308 2996 436 3059 quid
473 2996 529 3044 in
571 2997 928 3046 controversia
971 2997 1120 3045 nobis
1165 2997 1508 3059 relinquatur,
1555 2996 1743 3044 deinde
1794 2997 2164 3047 distributione
2213 3000 2294 3047 uti

309 3079 590 3142 debemus;
630 3095 691 3128 ea
715 3080 972 3128 dividitur
998 3080 1053 3127 in
1088 3080 1215 3128 duas
1254 3084 1446 3142 partes,
1476 3079 1920 3128 enumerationem
1959 3087 2012 3129 et
2049 3082 2297 3144 expositi-

309 3176 473 3210 onem.
538 3161 993 3211 Over-elaborated
1012 3162 1268 3210 divisions
1296 3162 1399 3209 and
1420 3161 1776 3209 subdivisions
1804 3178 1890 3210 are
1912 3163 2021 3211 also
2042 3166 2297 3214 censured

310 3242 366 3290 in
392 3248 573 3307 strong
596 3250 758 3293 terms
783 3245 854 3308 by
879 3245 1054 3302 Quint.
1085 3245 1163 3294 IV
1188 3245 1218 3292 5
1269 3260 1309 3291 6.
1341 3260 1386 3306 g.
1420 3246 1442 3299 ξ
1472 3244 1537 3290 24
1565 3244 1601 3291 f.
1642 3260 1736 3292 nec
1773 3244 2033 3294 immerito
2070 3247 2295 3295 multum

310 3340 376 3374 ex
401 3326 678 3389 diligentia
702 3327 967 3391 partiendi
992 3327 1119 3375 tulit
1143 3327 1315 3375 laudis
1344 3327 1399 3383 Q.
1430 3326 1764 3387 Hortensius,
1793 3327 1938 3376 cuius
1965 3333 2140 3376 tamen
2166 3330 2297 3377 divi-

310 3407 509 3457 sionem
536 3409 591 3457 in
618 3410 809 3473 digitos
837 3410 1103 3458 diductam
1129 3425 1519 3471 nonnumquam
1548 3409 1727 3458 Cicero
1752 3410 1942 3458 leviter
1967 3411 2134 3470 eludit
2159 3417 2221 3480 (e.
2246 3429 2292 3474 g.

311 3505 405 3553 pro
445 3491 589 3541 Caec.
635 3492 717 3553 14,
751 3494 841 3557 45)
872 3530 881 3540 .
910 3530 920 3540 .
951 3530 961 3540 .
991 3492 1209 3540 vitanda
1246 3490 1430 3554 utique
1470 3491 1696 3539 maxime
1737 3493 1943 3541 concisa
1982 3493 2201 3541 nimium
2243 3499 2296 3542 et

311 3571 459 3620 velut
483 3573 766 3622 articulosa
790 3573 1008 3637 partitio
1036 3611 1046 3622 .
1075 3611 1085 3622 .
1117 3611 1127 3621 .
1168 3578 1221 3622 et
1257 3572 1413 3621 huius
1452 3572 1647 3635 gloriae
1685 3573 1878 3637 cupidi,
1907 3591 2007 3638 quo
2047 3576 2295 3624 subtilius
