2716 3964
470 224 578 275 366
1355 238 1560 279 NOTEs.

468 382 848 446 opportunity.⁷
901 382 1012 431 The
1033 382 1196 431 Dictt.
1220 383 1286 431 do
1304 385 1398 431 not
1424 398 1564 431 seem
1589 387 1645 432 to
1671 382 1939 446 recognise
1959 382 2068 431 this
2091 381 2466 446 signification3

469 464 513 513 it
539 464 599 526 is,
627 465 886 526 however,
914 465 1083 513 found
1107 481 1150 513 e.
1171 482 1215 528 g.
1245 465 1300 513 in
1328 467 1447 514 Tac.
1476 465 1614 514 Ann.
1644 466 1702 513 II
1728 466 1794 514 30
1833 465 2106 514 certabant
2135 469 2225 535 (sc.
2265 481 2469 515 accusa—

466 550 633 612 tores)
663 548 748 597 cui
775 548 856 596 ius
883 549 1164 612 perorandi
1190 548 1246 596 in
1272 565 1419 596 reum
1445 550 1672 597 daretur.
1746 549 1969 597 vexandi
2003 548 2049 597 is
2083 548 2201 597 best
2225 548 2387 597 taken
2411 548 2470 597 in

466 631 558 679 the
597 647 747 680 sense
795 631 852 680 of
889 631 1132 693 ‘attack,'
1174 647 1230 680 as
1258 631 1314 679 in
1340 648 1380 680 c.
1411 632 1440 680 1
1468 640 1534 679 20·
1559 632 1785 701 multum
1821 636 2012 680 vexata
2047 637 2101 680 et
2137 631 2303 680 inrisa
2325 636 2470 681 vetu-

468 719 606 762 state
643 715 711 763 24
741 722 767 761 3
805 715 1013 778 copiose
1040 731 1099 763 ac
1124 715 1269 763 varie
1294 715 1511 763 vexavit
1548 707 1793 779 arftiquos
1855 716 1958 765 Cic.
1988 717 2137 764 Tusc.
2166 715 2316 779 Disp.
2343 716 2393 766 V
2418 717 2466 778 9,

466 798 534 846 29
572 802 795 846 vexatur
835 798 1236 862 Theophrastus
1282 802 1336 846 et
1373 797 1524 846 libris
1564 802 1617 846 et
1654 798 1848 847 scholis
1875 798 2108 846 omnium
2135 798 2470 862 philosopho-
2550 803 2553 807 ’
2628 799 2631 801 ’

467 897 583 928 rum
644 881 707 929 de
734 897 840 944 rep.
871 882 952 931 IV
977 882 1058 942 10,
1087 882 1149 929 11
1192 897 1348 944 quem
1386 881 1481 930 illa
1517 884 1692 950 (vetus
1727 881 2015 946 comoedia)
2044 897 2149 929 non
2176 881 2357 945 attigit
2382 882 2468 931 vel

466 964 643 1028 potius
689 964 906 1012 vexavit
929 965 1171 1013 ?——The
1216 968 1501 1013 statement
1545 980 1712 1013 seems
1755 980 1787 1013 a
1828 964 2114 1028 repetition
2156 964 2214 1012 in
2255 981 2287 1014 a
2324 981 2466 1014 more

466 1048 817 1110 exaggerated
857 1048 994 1096 form
1027 1048 1084 1096 of
1123 1064 1163 1096 c.
1193 1049 1259 1096 36
1288 1056 1339 1095 10
1366 1047 1724 1096 accusationes
1765 1040 2065 1111 potentium*
2105 1064 2325 1097 reorum.
2400 1049 2467 1098 In

465 1146 571 1195 any
599 1146 732 1192 case,
760 1131 869 1179 this
898 1135 1186 1192 utterance,
1215 1147 1270 1179 as
1298 1131 1421 1179 well
1446 1147 1502 1180 as
1528 1132 1618 1179 the
1645 1131 1934 1194 following,
1962 1131 2007 1179 is
2035 1131 2180 1195 quite
2217 1131 2468 1181 unsuited

465 1218 521 1262 to
549 1214 842 1262 Maternus'
870 1214 1114 1262 attitude.

535 1298 567 1345 2
607 1299 725 1361 ipsa
756 1299 1170 1347 inimicitiarum
1200 1299 1406 1362 gloria:
1447 1298 1526 1348 Cf.
1550 1314 1590 1346 c.
1614 1299 1680 1347 36
1700 1306 1749 1345 11
1789 1298 2095 1360 adsignatae
2122 1297 2281 1346 etiam
2307 1298 2467 1346 domi-

464 1381 562 1429 bus
590 1380 902 1430 inimicitiae
953 1383 1019 1430 37
1047 1385 1151 1429 ext.
1192 1381 1476 1430 nobilitata
1505 1381 1899 1430 discriminibus
1937 1381 2041 1429 and
2077 1397 2185 1444 esp.
2214 1381 2283 1429 H.
2313 1381 2372 1428 II
2397 1382 2464 1430 53

464 1469 525 1512 ut
550 1480 716 1512 novus
744 1465 913 1514 adhuc
940 1469 993 1513 et
1019 1464 1076 1512 in
1103 1469 1345 1513 senatum
1370 1481 1537 1528 nuper
1574 1465 1807 1514 adscitus
1846 1464 2023 1529 magni
2056 1468 2135 1534 (=
2159 1480 2466 1527 magnorum

465 1547 721 1614 virorum)
752 1548 1050 1596 inimicitiis
1077 1548 1387 1596 claresceret
1417 1552 1507 1617 (sc.
1538 1547 1802 1612 Caecina).

535 1632 566 1679 3
607 1633 796 1681 Publio
828 1632 1040 1696 quidem
1072 1632 1345 1695 Scipione:
1387 1631 1600 1679 Tacitus
1645 1631 1901 1695 probably
1943 1631 2037 1679 has
2082 1630 2367 1696 especially
2408 1630 2466 1680 in

464 1715 613 1763 mind
654 1715 746 1763 the
790 1715 1088 1764 celebrated
1130 1715 1258 1763 feud
1299 1714 1539 1763 between
1581 1714 1673 1762 the
1716 1714 1860 1762 elder
1898 1713 2140 1762 Tiberius
2181 1714 2463 1776 Gracchus,

466 1799 594 1847 Cato
638 1799 743 1846 and
784 1799 875 1846 the
918 1802 1024 1846 two
1070 1797 1290 1861 Scipios,
1330 1798 1579 1846 recorded
1615 1797 1671 1845 in
1708 1797 1859 1861 Livy.
1935 1798 2014 1847 Cf.
2056 1798 2359 1847 XXXVIII
2396 1799 2464 1848 54

452 1882 638 1929 'Morte
660 1881 906 1930 Africani
931 1897 1140 1930 crevere
1168 1880 1502 1929 inimicorum
1528 1880 1708 1941 animi,
1738 1897 1959 1944 quorum
1984 1880 2229 1944 princeps
2256 1880 2362 1929 fuit
2387 1881 2459 1932 M.

463 1964 683 2013 Porcius
713 1965 841 2014 Cato
869 1964 959 2028 qui
985 1964 1109 2012 vivo
1136 1980 1343 2027 quoque
1370 1980 1430 2012 eo
1456 1964 1717 2012 adlatrare
1744 1963 2162 2026 magnitudinem
2196 1963 2308 2012 eius
2346 1963 2465 2012 soli-

462 2052 549 2096 tus
578 2052 690 2096 erat
751 2049 817 2097 57
858 2048 1153 2097 Gracchum
1201 2051 1315 2116 (not
1358 2047 1611 2110 Metellus
1655 2047 2044 2108 Macedonicus,
2088 2047 2262 2095 whom
2303 2047 2462 2096 Peter

463 2147 503 2179 c.
533 2131 599 2179 36
628 2139 676 2177 11
715 2131 786 2194 by
812 2146 843 2179 a
868 2135 1081 2193 strange
1108 2130 1212 2193 slip
1240 2130 1297 2178 of
1321 2146 1556 2194 memory
1578 2129 1731 2194 cites)
1763 2168 1772 2178 .
1804 2168 1813 2178 .
1845 2168 1854 2178 .
1884 2130 2086 2178 iurasse
2113 2130 2216 2178 sibi
2242 2129 2464 2179 inimici-

461 2213 564 2262 tias
605 2230 722 2262 cum
762 2213 1111 2277 Scipionibus,
1141 2229 1273 2277 quae
1307 2213 1552 2274 fuissent,
1581 2229 1790 2261 manere
1866 2213 2000 2263 Gell.
2029 2213 2106 2262 VI
2137 2212 2291 2282 (VII)
2320 2214 2401 2275 19,
2429 2215 2461 2263 6

462 2302 612 2361 pater
639 2298 753 2346 Tib.
782 2302 940 2360 atque
971 2298 1023 2347 C.
1056 2297 1410 2346 Gracchorum
1436 2313 1553 2345 cum
1579 2297 1637 2346 P.
1663 2296 1907 2360 Scipione
1934 2296 2189 2345 Africano
2214 2295 2461 2346 inimicus

464 2380 637 2443 gravis
676 2381 742 2428 ob
780 2380 1059 2445 plerasque
1100 2380 1156 2427 in
1195 2379 1464 2444 republica
1497 2379 1852 2427 dissensiones
1884 2384 2038 2440 esset,
2066 2379 2263 2428 iuravit
2287 2379 2462 2444 palam

462 2463 520 2511 in
560 2464 848 2512 amicitiam
888 2463 1047 2526 inque
1076 2463 1300 2526 gratiam
1338 2479 1393 2511 se
1432 2479 1549 2511 cum
1586 2463 1643 2510 P.
1672 2462 1927 2510 Africano
1953 2478 2058 2510 non
2094 2462 2292 2511 redisse
2354 2462 2457 2512 Cic.

463 2548 526 2595 de
555 2563 661 2610 rep.
688 2549 716 2594 I
737 2548 817 2603 19,
836 2547 900 2594 31
926 2547 1304 2594 obtrectatores
1344 2550 1521 2594 autem
1547 2549 1600 2593 et
1638 2544 1807 2593 invidi
1848 2545 2109 2608 Scipionis
2170 2545 2286 2595 Val.
2316 2546 2458 2596 Max.

463 2631 554 2677 III
593 2633 639 2690 7,
669 2631 698 2678 1
766 2631 846 2679 IV
871 2631 918 2692 2,
947 2635 978 2681 3
1033 2630 1081 2678 V
1107 2631 1153 2690 3,
1181 2630 1213 2676 2
1275 2629 1416 2678 Plut.
1461 2629 1571 2678 Cat.
1610 2628 1735 2676 Mai.
1779 2629 1858 2676 15.
1881 2630 2020 2678 —L
2054 2629 2204 2678 Sulla
2234 2629 2340 2679 and
2370 2630 2458 2680 Cn.

465 2715 742 2777 Pompeio:
783 2713 894 2761 The
937 2712 1145 2776 history
1183 2712 1239 2760 of
1279 2712 1409 2760 both
1453 2712 1510 2759 of
1551 2711 1700 2759 these
1740 2727 1860 2759 men
1897 2711 2166 2760 furnishes
2193 2711 2462 2761 abundant

462 2796 730 2859 examples
767 2796 823 2844 of
862 2796 1069 2844 attacks
1111 2812 1178 2844 on
1217 2796 1307 2843 the
1345 2799 1465 2859 part
1502 2795 1559 2842 of
1595 2794 1832 2858 political
1865 2799 2171 2858 opponents.

631 2907 700 2947 On
721 2908 796 2946 the
817 2907 1037 2957 necessity
1060 2906 1106 2946 of
1126 2907 1343 2957 inserting
1364 2907 1411 2945 L.
1431 2905 1583 2946 before
1609 2909 1619 2929 ‘
1634 2905 1788 2955 Sulla,'
1813 2917 1885 2945 see
1906 2906 2000 2945 crit.
2030 2910 2134 2946 note
2154 2917 2190 2947 c.
2219 2906 2270 2946 18
2291 2913 2343 2947 17.

534 3019 587 3053 se
610 3036 617 3044 -
646 3035 654 3044 ·
682 3036 691 3044 ·
720 3004 1048 3052 abstinerent
1077 3019 1086 3053 z
1130 3003 1193 3051 Se
1219 3003 1468 3050 abstinere
1494 3004 1554 3050 ab
1580 3002 1753 3063 aliquo
1792 3001 1836 3049 is
1864 3002 2156 3065 extremely
2183 3017 2311 3050 rare.
2377 3001 2457 3052 Cf.

463 3087 635 3135 Plaut.
679 3087 826 3135 Curc.
868 3087 895 3133 I
923 3087 968 3146 1,
998 3088 1062 3135 37
1127 3086 1231 3135 Cic.
1262 3086 1420 3134 Acad.
1463 3086 1522 3133 II
1549 3086 1630 3144 17,
1658 3085 1723 3133 55
1787 3086 1902 3132 Sen.
1933 3085 2107 3134 Contr.
2149 3085 2176 3132 I
2203 3085 2250 3145 2,
2278 3086 2309 3134 9
2371 3085 2456 3133 Ps.

464 3170 639 3227 Quint.
682 3170 821 3230 12,1
874 3171 959 3217 Ps.
1004 3170 1122 3218 Sall.
1168 3169 1223 3216 in
1262 3169 1365 3218 Cic.
1407 3170 1454 3229 3,
1483 3170 1514 3217 9
1552 3169 1655 3216 and
1692 3168 1917 3231 perhaps
1956 3169 2074 3215 Tac.
2113 3168 2181 3215 H.
2211 3168 2260 3217 V
2283 3169 2316 3215 4
2367 3183 2459 3216 sue

464 3253 732 3301 abstinent
774 3253 913 3319 [MS.
944 3268 1062 3300 sues
1087 3272 1147 3291 =
1172 3268 1262 3300 sue
1298 3268 1352 3300 se
1372 3253 1426 3316 ?]
1466 3251 1561 3299 but
1599 3251 1914 3314 apparently
1952 3255 2045 3299 not
2082 3250 2364 3299 elsewhere
2402 3249 2459 3298 in

465 3337 635 3384 Latin.
716 3336 810 3383 See
837 3335 1138 3395 Weinhold,
1178 3335 1368 3382 Archiv
1395 3335 1472 3384 VI
1512 3335 1626 3382 512.
1647 3335 1801 3383 —ad
1831 3335 2161 3384 incessendos
2191 3334 2459 3397 principes

463 3422 605 3470 viros
627 3423 686 3469 ut
707 3423 784 3468 est
805 3423 999 3468 natura
1020 3420 1285 3468 invidiae:
1326 3418 1437 3465 The
1463 3418 1689 3479 thought
1709 3417 1754 3465 is
1776 3433 1806 3465 a
1825 3417 2227 3480 commonplace,
2248 3416 2377 3464 both
2401 3415 2459 3463 in
2503 3421 2507 3425 '

467 3502 640 3551 Greek
661 3502 765 3550 and
786 3501 958 3549 Latin.
1004 3501 1082 3550 Cf.
1107 3517 1148 3548 e.
1167 3518 1210 3563 g.
1235 3501 1415 3563 Eurip.
1440 3501 1629 3548 Beller.
1654 3500 1839 3561 fragm.
1863 3500 1964 3548 294
1984 3500 2112 3547 Nk.²
2130 3503 2191 3551 εἰς
2215 3500 2458 3563 τάπίσημα.

465 3585 503 3633 δ’
533 3589 557 3634 ὁ
597 3586 771 3646 φθόνος
809 3585 959 3648 πηδᾶν
996 3589 1132 3645 φιλεῖ
1183 3585 1388 3631 Luci-et.
1408 3584 1456 3632 V
1482 3583 1614 3630 1118
1640 3582 1689 3630 ff.
1722 3582 1844 3630 Sall.
1865 3583 1977 3644 Iug.
2000 3583 2065 3630 55
2092 3586 2212 3645 post
2238 3580 2457 3644 gloriam
